2860 3860
377 180 397 238 r
721 177 991 240 rsnvnoros
1091 147 1092 152 '
1139 175 1168 259 [1
1186 197 1210 250 t,
1227 195 1339 256 15-42

337 350 366 388 ss
377 331 550 406 Supremum
568 327 694 390 habuisti
713 329 849 390 comiteur
869 327 996 390 consiliis
1017 325 1081 388 tuis.

377 425 432 485 Cr.
474 425 556 485 Idem
575 423 688 483 animus
705 441 783 482 nunc
800 435 852 484 est.
899 425 947 482 Ps
984 423 1060 482 Fece
1077 431 1252 484 merentum
1270 423 1340 500 quid

454 516 506 577 tibi
526 527 587 591 est;

379 611 492 688 luuebo
510 620 560 669 aut
578 627 609 670 re
628 616 655 668 te
670 620 721 669 sut
739 627 829 686 opera
847 621 898 670 sut
916 607 1038 671 consilio
1057 609 1145 671 bono.

378 707 431 768 Cs-
472 707 551 780 Cape
570 705 622 764 has
641 704 777 778 tabellas3
803 715 865 765 tute
883 703 952 764 hinc
971 714 1085 764 nsmto
1103 701 1165 777 tint.
1304 723 1341 766 ro

378 799 461 874 Quae
479 816 526 858 rne
546 795 660 858 miserta
678 808 708 857 et
727 815 795 856 curn
814 796 1015 858 contabeircit.

340 895 425 957 ..Ps
466 895 534 953 Mos
549 891 602 952 tibi
616 902 735 968 geretur.
770 893 826 953 Sed
842 891 915 968 quid
929 892 995 964 hoc,
1009 895 1140 969 quaeso?
1179 893 1234 955 Cr.
1260 891 1341 969 Quid

454 988 519 1047 est?

377 1081 426 1142 rs.
465 1083 507 1142 Ut
526 1079 637 1156 opinor,
657 1091 796 1156 quaenunt
815 1079 926 1140 litterae
943 1079 999 1140 irre
1018 1077 1073 1141 sibi
1093 1079 1216 1156 liberosr

377 1174 444 1236 Alis
461 1175 547 1235 uliarn
567 1172 687 1234 scandit.
741 1175 796 1236 Cr.
838 1173 927 1235 Ludis
947 1173 1004 1235 irrn
1024 1174 1094 1237 ludo
1113 1176 1187 1236 tuo?

379 1271 424 1329 Ps
466 1273 530 1330 Has
548 1269 666 1346 quidem
685 1270 735 1346 pol
755 1269 853 1340 eredo,
872 1267 926 1329 uisi
946 1268 1054 1347 Sibylla
1071 1270 1180 1348 legerit,
1304 1287 1339 1348 rs

379 1361 561 1441 Interpretari
580 1381 666 1440 posse
684 1361 771 1422 alium
791 1361 946 1423 neminem.
1393 1387 1395 1394 ‚

341 1459 432 1526 reCr.
471 1459 531 1520 Cur
551 1457 738 1518 inclementer
756 1455 829 1518 dicis
848 1455 953 1534 lepidis
972 1455 1080 1530 litteris,

378 1551 495 1631 lepidis
515 1552 635 1626 tabellis,
654 1551 751 1628 lepida
770 1551 940 1630 conscriptis
959 1555 1070 1614 manu?

377 1651 425 1712 Pr.
466 1653 512 1711 Au
532 1649 653 1711 obsecro
671 1647 766 1710 hercle
786 1647 894 1710 hubent
913 1665 986 1726 quus
1004 1648 1127 1728 gallinae
1146 1651 1271 1712 munus?

378 1747 454 1806 Nam
483 1746 536 1804 lrrs
564 1743 682 1820 quidern
709 1742 816 1820 gallina
844 1738 962 1822 scripsit
1017 1746 1071 1808 Cr.
1114 1745 1241 1808 Odiosus
1270 1744 1341 1808 milri

454 1859 503 1914 es3
1303 1855 1361 1919 30·

378 1939 456 2015 Lege
475 1937 522 1996 uel
541 1936 661 1997 tabellas
680 1936 776 1998 redde.
831 1939 878 1998 Ps
921 1938 1018 1997 Irnrno
1037 1934 1115 1998 eninr
1134 1938 1298 2016 perlegam

341 2033 533 2103 ‚Aduortito
551 2031 687 2091 animum.
740 2032 795 2093 Cr.
837 2032 905 2092 Non
926 2032 1017 2091 adest.
1070 2033 1117 2092 Pr.
1157 2035 1198 2093 At
1220 2042 1253 2092 tu
1274 2031 1339 2092 cita.

378 2127 432 2189 Cr.
472 2127 568 2186 Immo
587 2143 642 2202 ego
661 2123 782 2198 tacebo;
808 2134 840 2185 tu
860 2123 944 2184 istinc
963 2143 1000 2185 ex
1018 2143 1084 2186 cerr
1102 2123 1178 2199 citt;

274 2275 277 2279 .
378 2223 455 2281 Nam
475 2217 537 2280 istic
556 2238 638 2280 meus
657 2217 769 2279 animus
789 2237 866 2280 nunc
884 2229 937 2294 est,
957 2239 1017 2282 non
1037 2219 1068 2281 in
1087 2230 1213 2300 pectore.

378 2321 425 2379 Ps.
465 2319 558 2378 Tuam
582 2315 705 2378 amicant
728 2315 824 2387 uideo,
847 2315 990 2380 Calidore.
1046 2319 1101 2380 Cr.
1143 2315 1204 2380 Ubi
1226 2335 1262 2379 es
1287 2328 1340 2390 est,

455 2412 597 2473 obsecro?
1085 2425 1088 2432 '
1303 2430 1339 2492 ³⁵

378 2511 425 2571 Ps
465 2509 570 2568 Eccum
591 2508 620 2569 in
640 2507 752 2568 tabellis
771 2518 949 2586 porrectum
976 2507 1006 2569 in
1025 2527 1092 2571 cerr
1109 2509 1243 2571 adcubat.

342 2605 432 2667 san.
472 2606 511 2664 At
543 2615 573 2664 te
605 2601 636 2663 di
667 2603 805 2681 deceque,
838 2615 978 2681 quantum
1011 2605 1143 2666 est-Po
1181 2603 1342 2667 Seruussint

453 2696 580 2773 quidem.

378 2792 432 2854 Cr.
472 2791 562 2868 Quasi
581 2789 737 2852 solstitialis
755 2791 845 2852 herba
863 2789 1009 2869 paulisper
1027 2790 1086 2867 luit

379 2887 513 2964 Repente
531 2899 645 2949 exortus
663 2905 737 2961 sum,
757 2886 909 2966 repentino
926 2885 1029 2948 oocid'r

379 2984 427 3044 Ps
466 2984 554 3057 Tace,
572 2984 642 3044 dum
662 2983 782 3044 tabellas
801 2984 924 3062 perlego.
972 2983 1027 3046 Cr.
1062 2983 1140 3062 Ergo
1158 2983 1230 3062 quin
1249 2983 1343 3065 legis?

380 3077 427 3138 rs
468 3083 487 3112 ‘⁴
495 3076 681 3138 Phoenicium
701 3076 838 3139 Calidoro
856 3075 977 3137 onustori
996 3091 1051 3136 suo
1303 3098 1338 3152 4r

342 3173 435 3242 ,Per
452 3187 548 3231 ceram
567 3180 597 3231 et
616 3168 725 3247 lignum
744 3168 908 3246 lineruque
927 3168 1096 3248 interpreter
1132 3197 1137 3209 ·
1190 3159 1204 3257 'v

379 3266 507 3327 sdutem
525 3262 641 3342 inpertit
659 3275 695 3335 et¹
707 3265 827 3326 sulutem
846 3265 899 3324 ebs
917 3273 948 3326 te
967 3263 1075 3342 expetit

379 3361 556 3422 Ιιαιιωω
574 3357 708 3422 titubmti
726 3360 825 3422 tuimo
842 3359 931 3423 corde
949 3371 979 3423 et
998 3357 1143 3440 pectoro'
