2860 3860
488 773 641 844 ACTUS
671 775 733 842 111.

560 1005 656 1066 Puram

47 1168 115 1222 1112
128 1152 231 1237 ¹[Quoi
251 1153 415 1216 seruitutem
435 1153 466 1217 di
485 1158 596 1219 danunt
615 1157 761 1222 lenoniam

127 1253 228 1324 Puero,
249 1263 335 1329 atque
354 1253 448 1313 eidem
468 1249 492 1313 si
511 1253 624 1316 addunt
643 1254 859 1334 turpitudinem,

127 1350 173 1408 Ne
193 1347 241 1419 illi,
261 1360 399 1424 quantum
419 1368 474 1426 ego
494 1369 571 1409 nunc
590 1350 678 1412 corde
697 1353 844 1430 conspicio
864 1371 939 1428 meo,

127 1445 235 1503 Malam
254 1463 314 1503 rem
334 1462 468 1521 magnam
488 1447 649 1522 multasque
667 1465 818 1510 aerumnas
837 1452 957 1511 danunt.
1079 1455 1083 1464 ’
1304 1504 1324 1528 ,χ
1379 1509 1381 1518 ,
1402 1507 1403 1536 3

101 1539 216 1599 sUelut
235 1539 307 1599 haec
326 1537 395 1598 mihi
414 1539 511 1600 euenit
531 1541 661 1614 sentitus,
676 1542 726 1604 ubi
746 1563 801 1622 ego
820 1545 956 1607 omnibus
979 1576 982 1583 ·
1035 1559 1090 1624 775
1102 1559 1171 1662 s
1302 1604 1322 1616 ‚r
1350 1583 1353 1590 ·
1376 1571 1378 1582 ¹

126 1635 224 1692 Paruis
243 1631 410 1710 magnisque
431 1634 591 1696 ministeriis
611 1638 788 1714 praefulcion

126 1727 228 1802 Neque
247 1745 302 1803 ego
320 1739 477 1789 amatorem
498 1730 568 1791 mihi
588 1729 716 1795 inuenire
736 1736 826 1795 ullum
845 1753 931 1813 queo,

124 1818 182 1893 Qui
201 1831 279 1880 amet
298 1839 354 1895 me,
376 1833 408 1882 ut
427 1841 508 1882 curer
527 1825 645 1884 tandem
665 1825 855 1890 nitidiuscule.

124 1913 210 1971 Nunc
230 1911 297 1972 huic
317 1913 415 1974 lenoni
435 1915 522 1976 hodie
542 1929 586 1977 est
606 1917 708 1979 natalis
727 1919 808 1994 dies;

88 2006 327 2068 „Interminatus
346 2019 391 2069 est
410 2027 428 2070 a
447 2010 578 2072 minumo
596 2012 635 2073 ad
655 2032 829 2090 maxumum,

122 2097 153 2161 Si
171 2097 236 2175 quis
255 2120 315 2162 non
334 2101 421 2164 hodie
441 2122 545 2164 munus
566 2103 688 2168 misisset
707 2108 772 2182 sibi,

124 2195 198 2254 Eum
217 2214 280 2256 cras
298 2197 425 2258 mucimu
443 2217 580 2261 maxumo
600 2201 748 2279 perbitere.
906 2276 908 2281 ,

124 2288 210 2349 Nunc
229 2290 328 2351 nescio
348 2291 450 2366 hercle,
472 2295 556 2356 rebus
575 2295 646 2372 quid
666 2298 769 2360 faciam
789 2298 870 2375 meis,

123 2385 227 2461 Neque
247 2405 301 2465 ego
320 2389 392 2451 illud
411 2409 531 2468 possum
551 2397 631 2471 quod
650 2395 691 2456 illi
709 2397 760 2474 qui
779 2409 901 2476 possunt
919 2399 1020 2463 soient.
1140 2467 1142 2472 ,

87 2499 110 2537 n
123 2477 209 2538 Nunc
228 2479 283 2540 nisi
302 2481 400 2543 lenoni
419 2503 524 2547 munus
544 2488 631 2550 hodie
650 2490 764 2565 misero,
1108 2499 1111 2507 “

122 2570 193 2632 Cras
212 2573 282 2634 mihi
302 2577 448 2652 potandus
466 2581 573 2642 fructus
593 2595 636 2646 est
655 2585 797 2647 fullonius.

123 2667 214 2740 Eheu,
234 2688 321 2747 quam
340 2671 406 2734 illae
424 2674 465 2736 rei
484 2695 539 2754 ego
558 2680 644 2740 etiarn
665 2699 743 2758 nunc
762 2700 825 2743 sum
845 2685 988 2761 paruolus.

121 2762 219 2839 Atque
237 2763 350 2842 edepol,
371 2777 404 2827 ut
423 2788 500 2831 nunc
520 2774 594 2836 male
614 2775 721 2836 malum
741 2787 840 2838 metuo
860 2777 953 2855 miser,

52 2871 54 2877 ·
121 2854 151 2914 Si
170 2855 310 2934 quispiam
330 2861 380 2923 det
400 2861 448 2940 qui
468 2883 571 2927 manus
589 2867 703 2946 grauior
722 2873 784 2948 siet,

27 2979 28 3042 t
85 2965 110 2998 ω
122 2949 305 3025 Quamquam
324 2952 395 3015 iilud
414 2957 495 3018 aiunt
514 2979 621 3039 magno
638 2963 748 3040 gemitu
767 2964 836 3040 fieri,

122 3043 309 3122 conprimere
328 3049 424 3112 dentis
443 3051 544 3114 uideor
562 3075 648 3133 posse
666 3058 764 3137 aliquo
784 3063 880 3125 modo.

121 3137 180 3197 Sed
198 3139 406 3216 conprimunda
424 3155 469 3206 est
487 3145 559 3208 mihi
578 3167 635 3210 uox
653 3162 741 3226 atque
760 3157 868 3230 oratio;

122 3230 196 3292 Erus
215 3250 316 3295 eccum
335 3235 435 3315 recipit
454 3257 486 3302 se
505 3243 625 3304 domum
643 3255 674 3308 et
692 3247 774 3309 ducit
793 3247 941 3336 coquom]

412 3359 424 3397 ⁸
439 3363 532 3418 hubis
546 3371 641 3433 anun.
660 3383 792 3442 ιιι-φοι.
