2886 3836
437 686 592 758 Actus
623 689 667 756 ll.

393 977 395 984 v
457 936 646 1008 Psnunouus

10 1107 57 1159 111
70 1100 126 1159 Pro
150 1095 288 1174 Iuppiter,
308 1108 341 1158 ut
363 1095 443 1171 mini,
467 1095 610 1174 quidquid
633 1115 698 1176 ugo,
721 1097 817 1176 lepide
840 1099 938 1158 omniu
959 1113 1036 1174 pros·

146 1210 273 1270 peneque
292 1189 437 1264 eueniunt,

70 1286 174 1362 Neque
191 1286 270 1363 quod
287 1286 416 1346 dubitem
435 1302 531 1362 neque
548 1286 631 1362 quod
648 1285 775 1359 timeum·
790 1304 856 1348 meo
874 1285 905 1346 iu
919 1297 1037 1363 pectore

146 1377 295 1440 conditum
315 1390 358 1440 est
377 1379 548 1441 consiliuml

70 1477 147 1535 Num
165 1493 200 1535 ea
218 1472 336 1534 stultitia
353 1486 397 1536 est
415 1472 525 1536 sueinus
543 1493 679 1554 magnum
694 1474 797 1538 timido
810 1474 891 1537 cordi
903 1407 1038 1550 meciere3

71 1570 147 1629 Num
163 1586 263 1630 omnes
281 1587 325 1630 res
343 1569 462 1646 perinde
479 1581 547 1631 sunt
564 1581 596 1630 ut
614 1589 691 1650 ugus,
710 1582 742 1631 ut
759 1589 809 1632 eas
826 1569 923 1648 magni
939 1568 1034 1630 iacies

47 1665 147 1728 sNam
166 1680 221 1741 ego
240 1662 269 1723 in
290 1682 356 1724 meo
376 1675 492 1741 pectore
512 1661 589 1741 prius
610 1664 650 1724 ite
669 1664 769 1741 putaui
789 1665 897 1742 copies,
979 1666 1032 1741 581

71 1757 202 1836 Duplicis
225 1757 342 1836 triplicis
365 1760 451 1822 dolos
473 1760 616 1837 perfidius,
642 1771 683 1834 ut,
707 1759 884 1837 ubicumque
905 1758 1036 1821 hostibus

146 1853 353 1933 congrediar-

224 1949 370 2012 Muiorum
390 1971 488 2014 meum
508 1952 595 2014 fretus
615 1951 720 2014 uirtute
739 1952 843 2025 dicum,

224 2049 293 2110 Mea
312 2047 452 2110 industria
471 2059 501 2112 et
520 2046 629 2110 melitio
648 2049 869 2111 iraudulentu-

69 2140 165 2203 Fecile
187 2153 219 2203 ut
242 2145 365 2217 uincam,
386 2143 470 2206 lucile
490 2155 523 2205 ut
544 2144 666 2223 spoliem
688 2163 768 2207 meos
789 2141 943 2222 perduellis
963 2141 1035 2202 meis

145 2237 280 2314 perfidiis.
883 2271 885 2276 ·
976 2239 1032 2315 585

33 2357 58 2388 ιο
69 2331 173 2392 Nunc
165 2352 312 2394 nummum
323 2353 377 2412 ego
387 2336 464 2396 hunc
473 2352 660 2396 communem
669 2353 766 2396 meum
775 2347 862 2412 atque
872 2342 1033 2394 uostrorum

146 2429 274 2488 omnium

68 2523 227 2586 Ballionem
247 2523 434 2587 exballistubo
453 2525 567 2604 lepide3
593 2525 661 2587 date
680 2542 798 2601 operam
818 2480 928 2584 mm..

68 2617 137 2676 Hoc
155 2635 210 2692 ego
229 2615 372 2694 oppidum
391 2619 567 2692 admoenire,
588 2629 620 2680 ut
639 2616 728 2680 hodie
748 2617 886 2694 capiatur,
907 2615 975 2676 uolo

67 2711 163 2787 Atque
182 2712 219 2772 ad
240 2712 296 2772 hoc
316 2731 396 2774 meus
414 2713 544 2791 legiones
563 2713 716 2774 adducam.
762 2710 793 2774 si
813 2710 870 2773 hoc
889 2711 1030 2788 expugno,

68 2803 193 2865 Facilem
213 2824 267 2884 ego
286 2806 362 2867 hunc
381 2825 441 2868 rem
462 2807 534 2870 meis
554 2806 667 2868 ciuibus
687 2803 807 2867 facisne
975 2821 1032 2882 590

1 2953 2 2960 ,
33 2920 57 2960 ιι
69 2901 139 2959 Post
156 2901 195 2962 od
214 2900 354 2978 oppidum
374 2904 432 2963 hoc
451 2913 534 2964 uetus
553 2901 694 2964 continuo
714 2919 828 2962 meeum
849 2897 1005 2962 exercitum

68 2993 199 3056 Ptotinus
219 2995 363 3056 obducam
373 3015 383 3069 3
409 2995 478 3058 inde
498 3015 546 3059 me
596 3031 598 3038 ,

67 3089 105 3150 Et
129 3091 220 3149 semul
247 3087 399 3169 participes
426 3089 521 3153 omnis
547 3109 630 3154 meos
657 3093 765 3170 praede
791 3089 918 3152 onerabo
944 3099 1031 3165 etque
1106 3066 1108 3070 i
1153 3069 1156 3078 ¹

0 3307 4 3382 p
66 3183 330 3357 Μιωᾟῗιεΐςιιιι
343 3279 540 3365 perduellibus
553 3279 626 3344 meis
639 3299 704 3344 esse
716 3299 764 3361 me
774 3293 806 3342 ut
815 3280 908 3342 scium
920 3289 1029 3340 netum.

141 3385 168 3428 n
183 3385 208 3430 ιι
387 3385 392 3398 ·
932 3393 952 3449 4
