2860 3860
64 201 138 272 112,
156 191 281 277 15-35]
406 189 674 254 PSEUDOLUS.
986 211 1021 268 ³¹

26 353 123 422 ulia.
164 347 254 426 Quasi
273 357 303 407 te
322 341 402 405 dicas
420 342 581 404 atriensem
630 346 677 404 Ps
719 345 815 404 Immo
834 341 950 404 atriensi
969 363 1024 424 ego

138 461 247 520 mpero.
752 485 757 500 ,

61 539 121 599 He.
163 537 242 613 Quid
260 547 299 608 tu,
314 551 450 596 sentosne
467 551 499 594 es
514 550 552 592 an
570 531 663 592 liber?
709 533 757 594 Ps.
799 531 885 592 Nunc
904 529 1023 609 quidem

139 631 225 694 etiam
245 629 347 691 seruio.

61 729 121 788 ΗΑ.
163 727 209 786 Its
222 723 337 798 nidere3
355 734 385 784 et
399 720 570 784 nonnidere
583 720 687 799 dignus
700 719 750 798 qui
763 719 834 782 liber
847 719 912 782 sies.
966 724 1022 802 ⁶15
1136 707 1149 739 ‘

59 822 107 882 Ps
149 822 217 882 Non
237 821 312 881 soles
331 818 471 895 respicere
491 827 529 888 te,
549 835 639 894 quom
659 814 732 876 dicis
751 814 856 876 iniuste
876 815 978 877 elteri?

60 918 121 977 Hs.
163 919 253 976 Hunc
272 914 419 974 hominem
439 915 546 973 malum
567 929 630 974 esse
649 923 772 990 oportet
827 914 875 972 Ps
918 912 957 974 Di
976 931 1024 974 me

136 1021 252 1073 seruam
271 1019 360 1086 utque
378 1019 477 1069 amant
486 1027 495 1081 ς

1 1153 3 1159 ,
22 1135 48 1166 η
60 1105 135 1165 Nam
150 1106 221 1164 haec
233 1102 303 1162 mihi
316 1101 397 1162 incus
410 1112 472 1177 est;
491 1100 650 1179 procudam
663 1119 717 1178 ego
731 1099 818 1161 hodie
831 1100 899 1162 hinc
916 1103 1022 1164 multos

136 1199 227 1258 dolos.

60 1295 120 1353 Hm
162 1292 241 1369 Quid
260 1289 317 1352 illic
337 1292 415 1353 solus
435 1309 533 1352 secum
553 1288 701 1367 loquitur?
741 1291 788 1350 Ps
824 1287 902 1364 Quid
920 1288 963 1352 nis
981 1301 1020 1365 tu,

136 1388 324 1449 adulescens?
377 1387 438 1446 ΗΑ.
479 1385 559 1461 Quid
579 1387 644 1446 est?

59 1486 107 1545 Ps.
147 1483 225 1542 Esne
245 1493 277 1542 tu
296 1499 334 1542 an
353 1500 413 1542 non
433 1500 465 1542 es
484 1482 523 1541 ab
542 1481 592 1541 illo
611 1479 692 1544 militi
714 1479 912 1544 Macedonio?
964 1482 1022 1542 ⁶20

38 1580 163 1642 neruos
182 1575 242 1638 eius
262 1577 312 1653 qui
332 1575 437 1637 hines
456 1576 540 1638 nobis
560 1588 604 1638 est
623 1587 765 1637 mercatus
785 1578 943 1650 mulierem,

58 1671 118 1747 Qui
137 1673 244 1750 argenti
264 1691 330 1733 meo
350 1690 400 1732 ero
419 1671 517 1733 lenoni
537 1670 704 1749 quindecim
724 1672 842 1732 dederat
862 1671 962 1744 minas,

20 1791 45 1833 ss
58 1765 194 1843 Quinque
223 1767 333 1828 debet?
388 1769 449 1827 Hs.
492 1768 570 1827 Sum
612 1766 671 1827 Sed
699 1765 749 1826 ubi
779 1777 810 1826 tu
839 1784 888 1828 me
916 1764 1022 1828 mouisti

134 1860 262 1938 gentium

58 1959 117 2016 Aut
126 1955 222 2017 uidisti
233 1968 282 2018 aut
295 1957 495 2018 conlocutu’s?
512 1975 581 2017 nam
595 1953 730 2034 equidem
743 1957 872 2018 Athenas
885 1956 1022 2018 antidhac

58 2052 224 2129 Numquam
241 2052 347 2114 adueni
365 2071 462 2130 neque
479 2062 508 2115 te
525 2051 586 2114 uidi
603 2063 671 2115 ante
689 2053 768 2122 hunc
785 2054 862 2114 diem
883 2073 1019 2132 umquam

134 2147 223 2209 oculis
243 2147 322 2210 meis.
964 2136 1019 2226 '⁶25

57 2242 105 2303 Ps
145 2240 222 2317 Quia
234 2237 331 2303 uidere
343 2240 412 2304 inde
428 2259 508 2318 esse;
527 2261 596 2303 nam
612 2239 689 2316 olim,
704 2260 794 2320 quom
810 2241 888 2316 abiit,
902 2257 1020 2322 argento

133 2337 205 2398 huec
224 2337 286 2398 dies

57 2433 227 2496 Pmestituta
246 2445 299 2509 est,
319 2435 415 2512 quoad
435 2436 548 2496 referret
568 2433 660 2506 nobis,
679 2435 864 2512 nequedum
884 2433 999 2497 rettulit.

20 2527 117 2594 sons.
159 2531 254 2590 Immo
273 2531 363 2591 adest
411 2533 459 2592 Ps.
491 2531 577 2592 Tune
596 2529 746 2593 adtulisti?
792 2531 852 2591 Hs.
887 2532 1018 2609 &gomet

131 2625 180 2688 rs
223 2624 303 2701 Quid
323 2625 437 2687 dubitas
456 2627 547 2689 dare?

57 2717 118 2777 Hs.
157 2717 225 2779 Tibi
253 2738 308 2795 ego
333 2719 423 2780 dem?
474 2721 522 2780 Ps
565 2719 638 2781 Mihi
666 2719 763 2781 hercle
790 2737 867 2792 uero,
896 2719 948 2797 qui
974 2738 1019 2782 res
1072 2738 1076 2747 ·
1137 2717 1140 2722 ’
1259 2726 1283 2800 ².:
1340 2747 1344 2781 :

133 2810 315 2889 rationesque
335 2815 374 2874 eri
1258 2801 1281 2863 ἷ”

56 2903 191 2964 Ballionis
211 2923 288 2978 curo,
306 2917 454 2984 argentum
473 2918 595 2985 accepto
613 2917 643 2968 et
661 2907 731 2985 quoi
748 2908 837 2968 debet
854 2908 931 2968 dato.
960 2910 1017 2984 ⁶³⁰

57 2997 119 3056 Hs.
158 2998 318 3075 Siquidem
331 3001 426 3061 hercle
439 2999 527 3061 etiem
542 2999 669 3078 supremi
685 3013 833 3078 promptes
850 3001 1018 3062 thensauros
1266 3028 1288 3101 Ξ,
1320 3049 1346 3103 ⁴:

191 3091 198 3106 ⁸
1283 3091 1289 3126 ἱ

55 3093 274 3249 Ἰἳδίιέἓιεῗῑαω
300 3187 409 3269 urgenti
434 3208 593 3270 numquam
616 3193 741 3255 credam
795 3193 843 3254 Ps
884 3192 961 3252 Dum
985 3203 1016 3254 tu
1028 3099 1083 3293 s
1101 3173 1131 3232 Γ
1257 3213 1267 3310 »ἦ
1283 3153 1291 3189 ⁸
1309 3229 1346 3315 ζ

18 3397 42 3438 ss
55 3376 116 3482 lies
132 3294 307 3442 ⁸etreiiniloalst'rtt.
360 3383 421 3444 He.
463 3381 602 3446 Uincttnr
620 3381 717 3462 potius
736 3381 778 3446 sie
796 3401 955 3444 urnauero.
1309 3328 1313 3347 ι

858 3495 934 3550 4-3
