2860 3860
92 158 148 231 15,
166 150 330 235 ¹23-154]
441 152 708 216 PSEUBOLUS·
1023 171 1058 230 η

92 310 187 372 Dubio
207 309 278 371 mihi
297 320 455 390 argeutum,
475 309 556 387 quod
575 308 643 370 dem
663 307 769 380 lenoni,
791 306 857 369 ilico

89 408 154 466 Tuo
173 408 343 467 uoluntate?
395 404 449 467 es.
492 405 541 464 Ius
559 403 667 465 bonum
688 415 751 464 orat
771 403 940 465 Pseudolus.

41 517 76 557 ns
91 498 314 575 ‘Dabo’inquc
356 501 395 559 81.
416 500 456 558 At
464 498 541 558 enim
550 496 612 558 scin
620 497 690 575 quid
700 498 770 556 mihi
781 496 810 557 in
821 509 948 558 mentem
958 495 1057 558 uenit?

89 593 168 670 Quid
188 593 212 654 si
232 593 310 654 hisce
330 593 404 654 inter
423 612 454 653 se
473 603 691 664 consenserunt,
712 589 855 669 Callipho,
1001 608 1057 668 5⁴0

88 694 149 751 Aut
167 692 205 752 de
225 701 368 767 conpecto
388 688 496 750 iccium
515 687 643 749 consutis
664 686 747 759 dolis,

88 783 147 858 Qui
167 803 214 844 me
232 795 351 860 argento
370 782 579 844 interuortant?
631 783 678 841 Ps
721 779 795 855 Quis
814 799 862 842 mc
881 778 1016 843 audacior

87 877 137 953 Sit,
157 877 182 939 si
201 878 275 938 istuc
295 877 405 938 focinus
425 877 570 938 audeam?
609 878 707 937 Immo
727 875 776 949 sic,
798 865 898 936 'stmoz

40 992 77 1032 u·
87 973 116 1033 Si
135 991 234 1033 sumus
253 973 387 1049 conpecti
407 991 458 1032 seu
478 970 630 1032 consilium
651 989 789 1048 umquam
809 969 935 1044 iniimus,

88 1067 135 1126 De
148 1064 219 1126 istoc
232 1085 262 1126 re
275 1077 325 1127 out
338 1067 361 1126 si
376 1068 413 1128 de
427 1085 463 1128 ca
477 1084 507 1126 re
520 1084 656 1142 umquam
671 1065 745 1126 inter
758 1081 812 1126 nos
825 1063 1041 1139 couucuiamus,

87 1159 177 1235 Quasi
196 1160 226 1220 in
246 1161 319 1221 libro
338 1180 426 1238 quom
448 1159 609 1220 scribuntur
628 1160 741 1219 calamo
760 1158 880 1231 litterae,
999 1161 1055 1238 5⁴⁶
1127 1170 1130 1178 '

86 1254 163 1315 stitis
182 1272 230 1316 mc
249 1266 341 1316 totum
363 1275 454 1333 usque
474 1255 577 1317 ulmeis
596 1256 778 1317 conscribito

86 1349 127 1409 St.
168 1349 269 1411 Indice
289 1351 373 1410 iudos
393 1369 471 1411 nuuc
490 1349 557 1422 iam,
578 1351 696 1429 quando
716 1351 806 1412 lubet.

37 1461 73 1502 us
87 1445 134 1504 Ps.
176 1445 223 1504 Da
241 1443 271 1504 in
290 1446 368 1505 hunc
386 1445 465 1507 diem
484 1465 611 1524 operam,
632 1445 776 1523 Callipho,
795 1463 905 1524 quaeso
924 1443 1003 1520 mihi,

86 1539 133 1599 Nc
152 1557 211 1616 quo
231 1549 259 1600 te
279 1540 317 1600 ad
337 1539 416 1601 aliud
435 1559 560 1617 occupes
581 1539 734 1618 negotium
998 1555 1056 1619 550
1184 1533 1187 1540 ’

85 1635 139 1697 Cu
180 1633 259 1710 Quin
278 1654 325 1694 rus
344 1646 376 1696 ut
396 1634 467 1697 irem
487 1635 545 1696 iam
566 1636 625 1696 heri
645 1653 754 1695 mecum
774 1646 936 1696 statueram.

87 1729 133 1788 Ps.
173 1732 212 1789 At
232 1749 310 1790 nunc
329 1730 459 1792 disturba
478 1749 551 1808 quas
571 1729 694 1792 statuisti
715 1730 871 1793 machinos.

85 1824 138 1885 Cu.
180 1827 266 1885 Nunc
286 1845 346 1888 non
366 1827 445 1888 abire
465 1838 575 1888 certum
595 1838 639 1888 est
658 1826 731 1888 istac
750 1826 858 1904 gratim

35 1937 72 1978 u·
85 1919 200 1981 Lubido
219 1933 263 1983 est
282 1923 367 1983 ludos
388 1935 454 1984 tuos
473 1932 611 2000 spectare,
633 1923 785 1984 Pseudolo.

84 2016 123 2075 Et
141 2013 166 2075 si
185 2015 263 2076 hunc
282 2018 391 2079 uidebo
411 2037 472 2079 uon
492 2019 562 2079 dure
581 2029 729 2096 argentum
750 2016 801 2079 tibi
997 2033 1053 2097 555

83 2110 173 2186 Quod
191 2109 270 2184 dixit,
290 2113 388 2189 potius
408 2133 495 2191 quom
514 2113 545 2190 id
565 2131 625 2174 uon
645 2115 694 2174 fiat
713 2132 769 2190 ego
788 2111 874 2174 dubo

83 2205 123 2264 Si.
165 2206 233 2266 Non
254 2207 419 2270 demutabo.
465 2211 512 2270 Ps
547 2201 683 2286 Namque
704 2209 819 2286 edepol,
839 2207 863 2269 si
884 2225 944 2269 nou
963 2208 1053 2282 dabis,

83 2298 217 2361 Clamore
236 2319 342 2380 magno
362 2315 392 2364 et
412 2304 504 2364 multo
523 2303 696 2381 flagitabero
824 2339 826 2344 ·

33 2412 70 2452 sss
82 2392 168 2470 Agite
186 2394 346 2455 amolimini
365 2397 434 2457 hinc
452 2416 507 2458 uos
526 2397 602 2459 iutro
621 2416 701 2457 nunc
720 2397 776 2458 iam

82 2488 127 2546 Ac
145 2486 218 2548 meis
237 2486 362 2549 uicissim
382 2492 450 2552 doto
469 2491 566 2552 locum
586 2489 713 2553 fallaciis
951 2453 954 2460 ⁴
997 2495 1054 2572 5⁶0
1151 2513 1155 2518 ’
1257 2479 1260 2537 .'
1315 2487 1320 2523 ι
1355 2489 1371 2568 :¹

82 2580 137 2643 Cu.
179 2581 261 2658 Fiat3
286 2595 400 2660 geratur
418 2604 482 2648 mos
501 2585 561 2648 tibi.
615 2588 665 2648 Ps.
705 2587 763 2650 Sed
784 2598 813 2649 te
833 2588 902 2650 uolo

83 2674 172 2737 Domi
192 2695 283 2756 usque
302 2678 411 2741 odcssc
466 2680 518 2743 Cu.
561 2679 640 2759 Quin
661 2679 713 2744 tibi
732 2685 808 2744 hanc
827 2701 944 2762 operum
964 2681 1039 2746 dioo.
1112 2685 1114 2690 ’

81 2768 123 2830 St.
157 2773 198 2832 At
222 2789 278 2850 ego
303 2773 342 2834 od
364 2774 462 2834 forum
488 2773 540 2836 ibo
547 2796 557 2850 3
583 2775 640 2836 iam
662 2775 709 2838 hic
732 2796 788 2840 cro
828 2779 884 2841 Cu
916 2779 1053 2841 Actutum

158 2864 226 2926 redi.

33 2965 71 3011 ts·
83 2957 129 3016 Ps
170 2957 300 3036 Suspicio
319 2972 364 3023 cst
383 2961 454 3024 mihi
473 2983 552 3024 nuuc
571 2983 625 3027 uos
645 2965 822 3044 suspicarier,

83 3050 135 3110 Mc
153 3048 261 3114 idcirco
279 3053 352 3116 haec
370 3067 450 3118 tauto
468 3057 596 3119 facinora
614 3061 660 3120 his
677 3060 851 3138 promittere,
995 3061 1051 3140 5⁶3

82 3144 151 3220 Quo
168 3162 223 3206 uos
242 3147 395 3224 oblectem,
415 3153 491 3214 huno
509 3155 637 3215 tabulam
656 3157 728 3218 dum
748 3155 911 3235 uunsigcm,
1147 3145 1149 3152 ¹

81 3239 187 3316 Neque
205 3242 259 3300 sim
279 3243 405 3305 facturus
424 3248 503 3324 quod
522 3249 662 3309 scotorum
683 3249 817 3310 dixerim.

81 3331 151 3392 Nou
169 3333 336 3408 demutubo.
355 3347 442 3414 utque
462 3340 549 3400 etism
567 3351 677 3403 eertum
696 3344 775 3419 quod
796 3341 893 3405 scium.
