2860 3860
349 217 387 269 ,4
695 191 961 254 rsuuoows
1044 153 1047 162 ’
1109 186 1138 271 [ι
1152 207 1181 268 ς,
1195 192 1307 267 ιι-ιι

347 347 424 405 Nam
445 355 477 404 tu
495 344 575 420 quod
593 343 692 404 damni
711 355 741 405 et
759 343 840 421 quod
859 341 952 404 iecisti
970 341 1058 420 uagiu
1251 363 1311 418 44ο

348 441 462 517 Populo
479 437 584 498 uiritim
604 437 699 515 potuit
717 437 898 514 dispertirier.

348 535 385 594 Id
404 552 481 593 nuuc
500 534 610 604 mirare,
629 531 654 593 si
673 531 922 611 pammenius?

347 630 394 688 Pu
425 625 466 684 Ὦ
484 629 544 697 zet,
564 644 653 702 quam
673 625 759 702 pauci
779 625 847 687 estis
866 625 998 688 homines
1017 625 1183 688 commodi!
1216 625 1281 700 Em,

309 721 411 785 »Illic
429 734 473 783 est
492 732 579 799 pater,
600 730 709 798 patrem
730 739 793 782 esse
812 733 845 782 ut
864 741 988 800 aequom
1008 734 1053 783 est
1071 722 1138 784 tilio

274 816 388 884 Λι.
441 815 514 890 Quis
540 815 588 875 hic
613 815 761 890 loquitur?
812 817 899 878 Meus
924 827 969 878 est
994 815 1042 876 hic
1067 815 1185 894 quidem
1211 833 1311 878 seruos

423 909 592 970 Pseudolus.
1252 926 1310 986 445

346 997 407 1060 Hic
425 998 494 1059 mihi
514 999 676 1078 conrumpit
696 999 794 1073 filium,
815 1004 953 1062 scelerum
973 1013 1078 1080 ceput;

346 1092 407 1154 Hic
424 1093 493 1164 dux,
511 1091 560 1154 hio
578 1093 619 1154 illi
638 1105 683 1155 est
701 1095 902 1172 poedagogum
929 1098 1005 1156 hunc
1024 1113 1080 1172 ego

294 1184 442 1262 &Cupio
459 1185 621 1248 excruciari.
675 1187 730 1248 Cu.
771 1189 834 1248 Iam
853 1185 942 1248 istaec
960 1186 1123 1265 insipientia
1141 1197 1194 1262 est,
1234 1175 1238 1182 ’

307 1301 335 1342 ιι
347 1283 407 1342 Ims
425 1281 456 1342 iu
476 1292 612 1359 promptu
630 1301 745 1360 gerere5
771 1295 880 1360 quanto
900 1281 988 1344 satius
1008 1293 1052 1344 est

345 1375 433 1436 Adire
452 1377 565 1438 blandis
584 1377 680 1438 uerbis
698 1386 787 1455 atque
805 1377 959 1454 exquirere,
1253 1391 1312 1455 45ο

345 1468 446 1532 Sinme
464 1470 514 1530 illu
532 1488 625 1532 necne
644 1472 701 1530 sint
720 1489 796 1548 quae
814 1469 867 1530 tibi
886 1470 1060 1533 renuntiant

346 1568 446 1628 Bonus
465 1565 580 1626 animus
598 1567 629 1626 iu
648 1567 725 1626 mals
743 1585 773 1628 re
793 1565 946 1628 dimidium
966 1580 1010 1628 est
1030 1566 1106 1626 mali

299 1699 302 1706 ι
345 1662 386 1723 St.
424 1661 493 1722 Tibi
512 1663 687 1723 auscultabo
722 1666 770 1723 Ps.
809 1664 871 1722 Itur
889 1664 928 1723 ad
948 1674 986 1733 te,
1007 1663 1168 1735 Pseudoles

308 1753 514 1819 montionem
535 1754 587 1815 tibi
606 1774 675 1832 pars
693 1757 849 1817 aduorsum
869 1775 977 1818 senem

306 1865 308 1868 ·
347 1849 436 1910 Ειιιιιι
455 1850 549 1908 saluto
567 1851 699 1926 primum,
712 1859 745 1909 ut
763 1869 888 1927 aequom
907 1861 952 1911 est
959 1868 969 1923 ;
995 1861 1097 1928 postea
1254 1862 1312 1926 455
1372 1895 1378 1926 :

347 1943 376 2003 Si
395 1942 466 2020 quid
486 1945 604 2020 superfit
622 1942 733 2002 uicinos
752 1943 884 2020 impertio.
992 1987 995 1994 -
1194 1943 1198 1950 '

346 2039 387 2099 Sr.
426 2038 520 2100 salue.
560 2035 639 2113 Quid
652 2037 765 2116 egitur?
803 2040 850 2099 Ps
872 2038 969 2100 statur
980 2037 1029 2098 hic
1041 2039 1078 2098 ad
1092 2039 1171 2099 hune
1183 2037 1311 2099 modum.

345 2134 386 2192 Su
427 2133 537 2192 Statum
558 2131 625 2192 uide
644 2131 777 2206 hominis,
798 2133 944 2210 Callipho,
964 2151 1053 2210 quom
1072 2131 1230 2194 basilicum.

300 2247 335 2300 Ιιι
346 2227 400 2288 (ξι.
441 2227 521 2285 Bene
540 2224 775 2302 confidenterque
793 2227 939 2287 adstitisse
958 2227 1101 2304 intellego.

347 2321 395 2380 Ps.
435 2319 529 2380 Decet
547 2317 741 2388 innocentem,
760 2319 811 2396 qui
831 2318 876 2391 sit,
896 2330 984 2397 etque
1004 2317 1151 2380 iuuoxium
1255 2321 1314 2393 46ο
1378 2381 1381 2387 ,

346 2417 467 2477 Seruom
485 2416 639 2491 superbum
660 2431 724 2475 esse
743 2414 822 2491 apud
841 2432 922 2476 erum
941 2413 1140 2490 potissumum.

347 2510 402 2572 Cs.
441 2510 514 2570 Sunt
533 2526 609 2585 quse
628 2517 658 2568 te
677 2509 811 2568 uolumus
830 2507 1000 2586 percontari,
1021 2527 1096 2585 quae
1114 2505 1198 2585 qussi

349 2605 404 2666 Per
421 2603 556 2664 nebulam
576 2612 689 2662 uosmet
708 2599 815 2662 scimus
833 2613 921 2678 utque
940 2599 1111 2662 audiuimus.

310 2700 389 2762 981.
428 2698 571 2762 Conticiet
590 2695 648 2756 ium
667 2707 697 2757 te
716 2698 765 2757 hie
784 2696 888 2771 uerbis,
908 2707 941 2757 ut
959 2707 991 2758 tu
1010 2714 1129 2758 censeas

348 2793 418 2855 Nou
430 2792 621 2870 ,Pseudolum
642 2791 694 2852 sed
712 2792 860 2852 Socratem
880 2801 976 2852 tecum
997 2789 1086 2868 loqui.
1256 2793 1312 2870 465
1342 2813 1346 2820 ·

348 2889 395 2950 Ps
436 2889 483 2949 Ita
500 2899 562 2963 est3
587 2885 645 2947 ium
665 2885 776 2964 pridem
797 2898 828 2948 tu
847 2904 896 2949 me
915 2884 1034 2965 spernis,
1054 2883 1157 2950 sentio.

348 2984 471 3044 Paruum
490 2999 554 3042 esse
572 2981 652 3058 apud
671 2991 701 3041 te
720 2979 789 3041 mihi
810 2980 899 3042 fidem
917 2979 981 3058 ipse
999 2980 1144 3058 intellego.

311 3151 314 3156 ,
347 3075 439 3157 Cupis
458 3094 751 3153 meesseuequem
775 3085 873 3136 umen
893 3093 944 3136 ero
963 3073 1035 3152 frugi
1055 3077 1158 3137 bouse.

312 3173 388 3239 „Su
428 3171 488 3232 Fae
506 3169 545 3231 sis
564 3169 693 3243 uociuas,
712 3170 867 3242 Pseudolo,
887 3167 968 3230 sedis
987 3167 1107 3240 aurium,
1238 3219 1239 3224 ,

170 3245 175 3252 ’
248 3293 251 3298 >
349 3267 420 3327 Mos
436 3275 470 3326 ut
489 3263 609 3342 migrare
627 3265 707 3325 dicu
724 3264 836 3341 possint
853 3281 914 3340 quo
933 3264 1011 3325 uolo.
1255 3280 1315 3341 ⁴⁷⁰

267 3443 276 3456 ι
349 3360 397 3420 Pu
438 3362 501 3438 Age
519 3359 637 3435 loquere
656 3355 779 3434 quiduis,
799 3353 912 3418 umeui
931 3354 985 3417 tibi
1001 3371 1166 3417 suoeenseo
1281 3421 1285 3428 ,
