2860 3860
374 219 410 278 ra
718 213 986 294 Psnunows
1059 181 1063 190 ’
1133 210 1202 294 [13‚
1220 219 1333 292 74-9⁶
1376 179 1379 186 ’

373 369 435 428 lam
454 368 550 427 hercle
569 367 617 427 uel
636 367 777 426 ducentae
797 375 918 442 possunt
938 361 998 424 deri
1018 373 1183 440 praesentes
1203 360 1304 426 minae.
1330 390 1355 418 e

371 462 424 522 Ca
464 459 548 532 Perii,
567 477 707 520 annorum
728 459 775 520 lex
794 477 841 520 me
861 455 956 536 perdit
974 455 1226 540 quinguicenaria5
1272 467 1285 519 r·

371 557 506 616 Metuuut
537 553 652 615 credere
684 571 793 615 omnes
853 555 906 614 BA.
947 552 1058 613 Eadem
1091 561 1135 611 est
1167 549 1237 611 mihi
1269 553 1334 625 lert
1408 547 1413 560 '

446 660 544 710 metuo
563 651 689 710 credere.
1275 665 1331 726 ³05

371 745 416 806 Pa
456 745 581 808 Credere
609 745 727 806 autem?
762 743 826 817 eho,
856 761 894 804 an
924 740 1052 820 paenitet
1080 753 1118 815 te,
1146 753 1257 820 quanto
1286 743 1332 802 lric

444 839 526 900 luerit
544 838 629 899 usui?

369 937 420 996 Ba
462 936 529 995 Non
545 945 590 995 est
604 952 657 994 usu
671 933 821 1011 quisquam
835 944 945 994 amator
958 928 1012 993 nisi
1026 929 1076 1009 qui
1089 941 1242 1009 perpetuat
1255 932 1330 992 data.

369 1033 437 1103 Det,
456 1030 506 1090 det
524 1046 632 1106 usque;
658 1029 776 1105 quando
794 1027 866 1088 nihil
885 1024 930 1101 sit,
950 1025 1034 1087 simul
1054 1044 1151 1088 amare
1170 1025 1291 1088 desinat.
1363 1101 1369 1112 Ι

334 1125 422 1188 tacu.
463 1124 580 1184 Nihilne
599 1133 629 1185 te
648 1123 784 1184 miseret?
836 1123 887 1183 Ba.
930 1119 1029 1182 lnanis
1048 1119 1148 1192 cedisr
1174 1119 1252 1181 dicta
1272 1139 1331 1182 non

420 1229 555 1284 ‚sonant

368 1317 465 1390 Atque
489 1333 544 1390 ego
567 1325 596 1374 te.
618 1311 716 1374 uiuum
739 1313 908 1390 saluomque
934 1313 1046 1372 uellem.
1101 1314 1148 1372 Ps
1191 1311 1264 1384 Eho,
1292 1330 1330 1372 an

444 1405 499 1466 iam
520 1410 682 1468 mortuust?
1273 1423 1330 1481 3¹0

368 1502 420 1561 Bt·
462 1500 535 1560 Utut
568 1513 620 1574 est,
649 1499 719 1560 milri
748 1499 864 1578 quidem
897 1501 1027 1578 prolecto
1056 1519 1124 1560 cum
1155 1498 1216 1562 istis
1245 1499 1331 1562 dictis

266 1529 360 1703 Χ
444 1607 592 1655 mortuust.
1330 1597 1335 1612 '

185 1749 189 1754 ,
255 1719 279 1754 ι,
369 1687 441 1749 llico
460 1689 529 1749 uixit
549 1701 666 1761 amator,
687 1690 735 1750 ubi
756 1689 853 1752 lenoni
872 1688 1023 1770 supplicat.

367 1783 485 1859 Semper
504 1794 535 1843 tu
554 1784 592 1843 ad
613 1803 659 1844 me
678 1803 745 1844 cum
764 1797 911 1861 argentata
930 1785 1062 1846 accedito
1082 1785 1278 1862 querimonia;

262 1900 268 1911 κ
332 1877 444 1944 sellam
465 1880 537 1938 istuc
556 1879 635 1956 quod
655 1897 734 1940 nunc
753 1881 916 1950 lamentare,
937 1899 996 1940 non
1012 1899 1080 1942 esse
1098 1895 1248 1958 argentum
1269 1881 1329 1955 tibi,
1393 1923 1399 1954 e

272 1916 341 2025 χ
366 1972 454 2049 Apud
474 1991 626 2034 nouercam
645 1992 771 2050 querere.
812 1977 859 2035 Ps.
894 1974 959 2033 Eho
979 1991 1016 2033 an
1037 1993 1174 2052 umquam
1194 1988 1225 2037 tu
1246 1977 1330 2039 huius

412 2057 415 2062 ’
443 2065 564 2144 nupsisti
583 2067 678 2144 patri?
1082 2067 1085 2077 '
1271 2091 1327 2150 ³¹5

368 2161 418 2219 Ba
460 2161 498 2221 Di
528 2160 645 2222 meliora
672 2161 770 2222 faxint
827 2163 871 2222 Ps
915 2161 990 2222 Face
1019 2164 1099 2240 quod
1128 2176 1157 2226 te
1186 2183 1328 2244 rogamus,

444 2253 543 2325 Ballio,

324 2349 330 2355 '
368 2349 437 2409 Mea
455 2350 521 2424 lide,
542 2351 565 2411 si
585 2351 631 2412 isti
652 2352 787 2413 formidas
806 2352 930 2414 credere
972 2353 1036 2429 Ego
1055 2350 1085 2413 in
1105 2352 1162 2413 hoc
1182 2351 1278 2416 triduo

366 2447 426 2506 Aut
443 2457 516 2506 terra
531 2463 579 2508 aut
598 2448 667 2508 mari
682 2455 738 2507 aut
751 2447 885 2510 alicunde
901 2449 1036 2510 euoluam
1052 2446 1082 2510 id
1100 2461 1250 2526 argentum
1268 2449 1327 2510 tibi.

330 2541 419 2604 mlle.
453 2541 519 2602 Tibi
538 2562 594 2620 ego
612 2543 749 2603 credam?
796 2545 841 2603 Pa
877 2545 936 2604 Cur
956 2543 1037 2603 non?
1085 2545 1137 2602 Ba
1172 2543 1249 2619 Quia
1268 2545 1327 2620 pol,

443 2654 501 2712 qua
520 2657 608 2713 opera
626 2639 743 2697 credam
763 2635 824 2709 tini,

367 2731 437 2790 Una
454 2748 541 2806 opera
559 2730 683 2808 adligem
701 2728 849 2808 fugiriuam
868 2749 970 2792 canem
990 2729 1102 2808 agninis
1120 2730 1249 2792 lactibus
1272 2751 1328 2809 320

367 2824 421 2883 Ca.
459 2823 536 2883 Sicin
556 2823 626 2882 mihi
643 2825 696 2884 abs
714 2837 744 2885 te
761 2823 836 2885 bene
854 2823 975 2885 merenti
992 2827 1068 2885 male
1084 2825 1204 2884 refertur
1218 2825 1330 2902 gratia?

367 2918 418 2977 ΒΛ.
453 2919 532 2994 Quid
552 2937 630 2979 nunc
649 2920 715 2978 uis?
743 2920 808 2979 =Ca
840 2921 882 2980 Ut
898 2919 1050 2998 opperiare
1067 2939 1119 2981 sex
1135 2921 1199 2981 dies
1217 2921 1329 2998 aliquos

442 3013 540 3085 modo,

241 3133 245 3140 ·
366 3106 414 3167 Ne
441 3105 520 3168 ittam
548 3109 657 3169 uendas
687 3124 743 3169 neu
777 3126 824 3168 me
856 3109 961 3185 perdas
992 3107 1139 3169 hominem
1172 3121 1325 3170 amantem.

443 3203 495 3263 ΒΑ.
534 3203 641 3264 Animo
660 3203 741 3266 bono
758 3223 808 3279 ως
1270 3223 1327 3282 ³²³
1424 3247 1425 3276 2

329 3317 357 3357 ss
367 3299 424 3358 Uel
440 3315 492 3358 sex
509 3296 616 3357 nensis
633 3299 793 3374 opperibor.
834 3299 890 3362 ea
919 3300 1009 3375 Euge,
1027 3299 1117 3368 lromo
1133 3297 1326 3377 lepldissume.

366 3392 417 3450 lle
459 3391 555 3450 Immo
572 3390 623 3450 uin
638 3390 726 3451 etiam
744 3402 774 3452 te
790 3389 893 3450 faciam
911 3410 948 3452 ex
960 3393 1037 3453 laeto
1048 3393 1203 3486 laetantem
1217 3391 1329 3471 magis?
