2860 3860
51 3 59 92 l

51 149 52 190 ⁷
149 165 318 239 1417-5,
335 159 385 241 ις]
494 162 762 226 PSEUDOLUS

149 318 224 377 Cum
244 332 298 375 suo
317 312 414 374 uicino
434 313 607 390 Calliphone
627 314 769 376 incedere.

149 411 194 468 Ea
213 411 269 468 hoc
288 409 419 484 sepulcro
438 419 536 467 uetere
556 407 655 485 uiginti
674 410 768 469 minas

149 501 299 564 Eclodiam
319 520 374 578 ego
394 501 490 573 hodie,
510 519 583 578 quas
603 501 670 562 dem
690 503 751 562 erili
772 500 840 566 lilio.

112 619 138 652 ιο
150 597 236 657 Nunc
255 597 313 657 huc
331 597 499 668 concedam,
521 606 554 656 ut
572 596 674 656 horum
694 615 856 659 sermonem
876 599 978 677 legam.

206 885 284 946 Sruo
304 885 473 958 Cncnrrno,
493 885 591 946 Senes
612 902 683 946 ouo.
725 888 906 948 Pssuootus
925 887 1051 948 Sueuos.

99 1058 187 1118 uss.
228 1058 258 1119 Si
277 1059 315 1120 de
334 1059 481 1120 damnosis
501 1070 551 1120 aut
570 1059 593 1120 si
613 1059 652 1120 de
670 1058 846 1121 amatoribus
1053 1078 1109 1141 415
1209 1145 1211 1149 Ι

149 1150 278 1213 Dictator
297 1153 347 1212 fiat
366 1171 444 1213 nuuc
463 1152 586 1214 Athenis
608 1151 718 1226 Atticis,

148 1247 244 1308 Nemo
262 1247 415 1306 antecedat
435 1247 494 1306 lilio
513 1248 601 1308 credo
621 1266 695 1308 meo.

148 1345 194 1403 lta
213 1361 291 1403 nuuc
310 1362 362 1420 per
379 1344 480 1404 urbem
500 1344 578 1404 solus
598 1342 724 1405 sermoni
744 1343 899 1407 omnibust.

123 1440 222 1497 sEum
243 1439 317 1499 uelle
336 1437 457 1498 amicam
478 1439 597 1500 liberare
617 1451 646 1500 et
666 1459 801 1516 quaerere

147 1535 303 1610 Argentum
322 1531 360 1592 ad
381 1551 444 1592 eam
465 1550 534 1605 rem,
556 1533 612 1594 hoc
632 1532 680 1593 alii
700 1533 770 1594 mihi
789 1533 961 1608 renuntiant,
1051 1554 1110 1610 4²0

148 1628 241 1702 Atque
261 1625 291 1686 id
311 1623 368 1686 iarn
389 1626 501 1704 pridem
521 1625 597 1688 sensi
617 1639 646 1688 et
666 1628 816 1688 subolebat
836 1627 916 1700 mihi,

145 1719 202 1780 Sed
222 1714 444 1781 dissimulabam.
499 1723 545 1781 Ps.
588 1723 651 1781 Iarn
672 1723 712 1782 illi
733 1735 831 1784 notust
851 1723 943 1797 filius,

146 1813 250 1876 Occisa
270 1826 312 1876 est
332 1815 403 1876 haec
423 1834 477 1888 res,
498 1817 594 1878 haeret
615 1819 671 1877 hoc
691 1819 846 1894 negotium.

109 1930 135 1960 ιο
146 1909 213 1985 Quo
233 1909 262 1970 in
282 1923 465 1972 conmeatum
486 1912 565 1973 uolui
583 1913 772 1990 argentarium

146 2004 297 2077 Proficisci,
317 2005 357 2067 ibi
377 2025 454 2066 nunc
473 2007 583 2084 oppido
603 2010 743 2086 obsaepta
761 2021 805 2070 est
825 2007 880 2072 uia.
1051 2027 1107 2090 με

52 2157 53 2166 ,
146 2101 322 2176 Praesensit5
348 2099 418 2160 nihil
437 2113 482 2162 est
500 2104 624 2178 praedae
644 2105 867 2180 praedatoribus.

145 2197 199 2259 Cn.
241 2197 384 2258 Homines
404 2195 455 2274 qui
473 2209 586 2275 gestant
606 2201 713 2275 quique
732 2202 894 2260 auscultant
913 2197 1040 2273 crimina,

145 2289 175 2351 Si
195 2310 261 2352 meo
279 2291 416 2352 arbitratu
436 2292 529 2365 liceat,
550 2311 651 2354 omnes
671 2294 826 2370 pendeant,
975 2292 977 2298 ’

111 2403 134 2442 rs
145 2385 280 2448 Gestores
299 2385 411 2466 linguis,
432 2387 577 2449 auditores
595 2387 718 2449 auribus

146 2481 222 2540 Nam
241 2482 329 2542 istaec
348 2501 422 2560 quae
442 2483 494 2544 tibi
514 2482 719 2557 renuntiantur,
740 2482 830 2544 hlium
1047 2503 1109 2562 ,⁴30

52 2583 54 2668 g
144 2575 189 2636 Te
208 2578 283 2637 uelle
302 2588 446 2639 amantem
466 2589 584 2655 argento
603 2576 824 2651 circumducere,

146 2669 217 2730 Fors
236 2671 296 2731 luat
313 2690 352 2731 an
371 2673 460 2734 istaec
480 2670 634 2734 dictasint
653 2673 813 2735 mendacia.

144 2763 203 2825 Sed
222 2763 246 2825 si
265 2763 322 2826 sint
341 2783 376 2826 ea
395 2785 471 2842 uera,
493 2779 525 2828 ut
544 2786 622 2828 nunc
641 2785 706 2829 nros
726 2779 777 2839 est,
797 2788 939 2843 maxume,

109 2857 223 2932 ⁸⁹Quid
243 2857 344 2920 mirum
363 2859 439 2935 lecit,
459 2862 530 2939 quid
550 2880 666 2937 nouom,
687 2863 856 2924 adulescens
877 2865 965 2927 homo
1067 2879 1068 2884 ’

144 2949 174 3012 Si
193 2963 278 3027 amat,
299 2952 323 3012 si
341 2953 465 3014 amicam
485 2955 607 3016 liberat?
658 2958 705 3017 Pa
747 2957 889 3034 Lepidum
908 2977 1015 3020 senem.
1050 2977 1106 3036 435

144 3045 185 3105 Sr.
225 3048 318 3108 Uetus
337 3050 407 3109 nolo
426 3047 519 3110 ficiat.
567 3051 622 3112 Cn.
657 3054 697 3111 At
716 3050 793 3112 enim
814 3039 989 3172 nequiqupm
1010 3055 1108 3126 mi„
1209 3135 1213 3144 ι
1266 3065 1268 3072 .
1353 3009 1359 3070 ,’

145 3139 203 3200 Uel
222 3150 253 3200 tu
272 3159 310 3202 ne
328 3143 436 3204 laceres
455 3145 512 3204 tale
531 3141 561 3203 in
580 3143 783 3207 adulescentia

144 3233 271 3294 Probum
290 3245 400 3312 panem
420 3253 483 3298 esse
494 3249 626 3318 oportet,
646 3236 696 3316 qui
715 3249 834 3316 gnatum
854 3259 938 3302 suum

106 3343 132 3386 ss
145 3325 217 3388 Esse
236 3327 398 3404 probiorem
417 3348 505 3408 quam
524 3330 604 3408 ipsus
623 3332 706 3394 luerit
725 3335 858 3410 postulet.
