2860 3860
343 183 379 223 22
688 158 954 221 rsrrrsnorrsn
1044 115 1114 236 [re
1131 160 1252 234 156-4,
1270 157 1305 216 1⁶

343 320 390 378 Ps
432 319 500 377 Hoc
517 333 586 392 ego
618 314 757 391 oppidum
786 311 962 385 admoenire,
986 321 1020 371 ut
1048 309 1138 371 hodie
1169 309 1305 388 capiatur,

418 413 494 470 uolo.
1166 451 1169 458 ,
1247 407 1303 481 385

343 505 390 565 Ad
408 521 472 563 eam
491 521 552 562 rem
571 512 652 562 usust
670 499 788 561 homine
806 500 1022 584 asturqdocto,
1035 508 1121 558 cauto
1141 507 1172 558 et
1190 496 1304 569 callido,

273 594 276 600 ’
342 597 400 675 Qui
419 595 547 674 inperata
566 597 675 658 edecta
693 596 802 670 reddat,
823 612 882 655 non
902 594 953 672 qui
973 593 1096 670 uigilans
1116 591 1247 654 donniat

343 691 395 753 Ca
436 690 520 751 Cedo
545 687 624 761 mihi,
650 687 720 766 quid
746 707 778 750 es
803 689 949 749 facturus?
1001 689 1050 750 Ps.
1089 685 1225 764 Temperi
1251 703 1306 764 ego

418 783 485 844 iarn
503 783 585 844 scies.

294 897 333 939 ss·
344 878 421 938 Nolo
436 875 481 937 bis
496 875 588 938 iterari
597 897 607 950 ;
626 888 670 938 sat
687 875 729 938 sic
746 878 850 954 longae
866 877 939 936 fiunt
954 875 1075 938 fabulae.

342 971 396 1032 ee
436 971 596 1046 Optumum
616 983 703 1046 atque
723 969 938 1047 aequissumum
957 987 1030 1030 oras.
1082 973 1130 1030 Ps.
1170 971 1305 1046 Propera,

418 1065 515 1125 adduc
533 1063 680 1126 hominem
700 1064 767 1126 cito.
1248 1081 1306 1140 390

268 1181 270 1185 ·
346 1162 396 1222 Ca
437 1158 524 1220 Pauci
543 1179 579 1220 ex
598 1159 693 1221 multis
713 1171 781 1221 sunt
799 1158 893 1234 amici,
914 1158 1025 1220 homini
1045 1157 1096 1237 qui
1114 1158 1183 1220 certi
1202 1156 1285 1220 sient.
1368 1219 1373 1226 ,

343 1258 390 1317 Pr.
431 1255 494 1331 Ego
506 1253 567 1314 scio
580 1255 671 1329 istuc;
688 1273 756 1332 ergo
769 1266 921 1330 utmmque
934 1253 986 1314 tibi
997 1271 1075 1315 nunc
1087 1253 1223 1315 dilectum
1237 1271 1307 1332 para

342 1352 438 1426 Atque
456 1367 494 1408 ex
512 1349 609 1409 multis
629 1349 745 1426 exquire
765 1349 820 1409 illis
839 1367 930 1408 unum
949 1347 1000 1426 qui
1019 1359 1113 1411 certus
1133 1350 1195 1412 siet.

294 1443 396 1507 rtscs.
438 1443 500 1501 lam
527 1442 576 1502 hic
601 1443 667 1504 isso
693 1441 793 1504 aderit
848 1443 896 1504 Ps.
937 1442 1022 1504 Potin
1049 1453 1081 1504 ut
1106 1443 1217 1505 abeas?
1254 1441 1306 1504 tibi

419 1555 529 1597 moram
549 1535 634 1599 dictis
653 1557 740 1600 creas.

671 1685 851 1744 Psnunouus
870 1686 998 1744 seruos

242 1867 246 1877 ,
294 1801 515 1881 1⁴¹P0stquam
535 1801 593 1864 illic
612 1800 680 1863 hinc
698 1801 777 1875 abiit,
798 1814 828 1863 tu
848 1804 945 1864 adstas
964 1805 1051 1877 solus,
1071 1805 1222 1867 Pseudole
1250 1823 1306 1883 ³95
1384 1851 1389 1883 :

127 1949 130 1962 .
251 1886 333 2022 Χ
345 1899 425 1975 Quid
443 1917 521 1958 nunc
540 1897 673 1970 acturu's,
693 1910 847 1974 postquam
866 1896 926 1958 erili
946 1896 1005 1958 filio

345 1992 483 2070 Largitu’s
502 1991 587 2054 dictis
606 1991 723 2070 dapsilis
742 1992 905 2054 iubentias?

345 2087 423 2162 Quoi
443 2105 537 2164 neque
557 2098 657 2162 parata
675 2096 755 2161 gutta
773 2085 843 2146 certi
864 2086 974 2159 consili,

14 2202 18 2213 '
130 2244 133 2268 ,
223 2194 225 2200 ’
322 2183 449 2257 sNeque
468 2177 590 2240 exordiri
609 2179 732 2256 primum
752 2181 830 2241 unde
849 2179 976 2258 occipias
995 2179 1086 2240 habes

285 2235 450 2353 NNeque
467 2275 506 2336 ad
525 2273 719 2334 detexundam
739 2275 826 2335 teiam
847 2287 940 2336 certos
961 2275 1105 2336 terminos.
1250 2294 1310 2350 400

344 2371 404 2432 Sed
421 2368 503 2447 quasi
522 2379 617 2446 poeta,
637 2369 749 2430 tabulas
768 2389 858 2446 quom
878 2369 955 2448 cepit
974 2368 1038 2442 sibi,
1127 2421 1133 2431 .
1255 2411 1261 2428 .

317 2535 319 2540 ,
345 2465 466 2543 Quaerit
484 2465 564 2542 quod
583 2483 723 2542 nusquam
743 2478 786 2527 est
805 2466 943 2544 gentium,
964 2465 1067 2544 reperit
1086 2470 1193 2539 tamen,

347 2559 427 2622 Facit
446 2559 518 2619 illud
536 2558 596 2620 ueri
615 2556 707 2620 simile
726 2561 806 2637 quod
826 2561 1009 2623 mendacium
1030 2571 1082 2635 est,

312 2658 435 2716 „Nunc
453 2674 508 2733 ego
527 2665 614 2732 poeta
633 2655 718 2730 tiam3
745 2654 845 2732 uiginti
865 2657 966 2732 minas,

347 2751 433 2828 Quae
451 2767 593 2826 nusquam
613 2767 692 2809 nunc
710 2761 776 2810 sunt
795 2750 932 2827 gentium,
946 2751 1093 2813 inueniam
1113 2747 1220 2814 tamen.
1252 2769 1310 2831 405

34 2882 37 2934 ἶ
86 2885 88 2903 .
156 2901 160 2908 ,
267 2834 272 2854 ¹
348 2850 444 2924 Atque
462 2863 518 2922 ego
537 2842 604 2904 huic
623 2845 680 2904 iam
700 2842 812 2922 pridem
831 2864 879 2906 me
897 2847 1031 2907 daturum
1051 2846 1179 2908 dixeram
1212 2857 1232 2930 ἰ

349 2943 395 3002 Ae
413 2939 492 3000 uolui
512 2937 617 3000 inicere
636 2941 774 3018 tragulam
796 2939 826 2999 in
845 2953 973 3002 nostmm
992 2960 1110 3017 senem;

350 3034 460 3095 Uerum
479 3030 503 3094 is
522 3031 619 3094 neseio
638 3051 698 3111 quo
716 3045 803 3112 pacto
823 3037 981 3112 praesensit
999 3036 1085 3116 prius.

314 3130 407 3196 neSed
425 3127 634 3209 conprimenda
651 3141 696 3191 est
715 3147 774 3191 uox
794 3130 864 3192 mihi
883 3142 970 3209 atque
989 3131 1098 3206 ararim

348 3227 440 3307 ,Erum
458 3221 559 3286 secum
579 3225 666 3287 uideo
685 3225 742 3287 huc
760 3225 909 3288 Simonem
928 3245 988 3288 una
1005 3225 1090 3290 unisti
1256 3249 1315 3307 410

645 3359 765 3412 ²Ismbie
780 3361 875 3420 mlii·
891 3359 1023 3428 ³9⁵·did.
1089 3395 1109 3441 ¹·
