2860 3860
348 154 384 209 ιο
692 128 957 192 psnvnows
1031 163 1034 170 ι
1070 123 1133 206 [111
1149 144 1175 198 ι,
1190 125 1307 202 ⁶3-94

109 266 111 274 ¹
216 237 408 366 xNNisi
427 279 551 343 miluinis
570 292 619 341 aut
638 277 770 355 aquiiinis
790 273 925 353 ungulis?

343 378 400 436 Ba.
439 378 487 434 An
507 385 538 432 tu
557 373 744 448 coquinatum
763 382 793 430 te
812 369 852 429 ire
873 385 1018 444 quoquam
1038 367 1176 443 postulas,

322 469 421 544 ,Quin
440 467 480 526 ibi
500 466 660 526 constrictis
680 464 791 541 ungulis
810 483 912 524 cenam
931 465 1061 540 coquas?

343 562 429 620 Nunc
448 559 523 620 adeo
542 570 581 630 tu,
603 558 652 633 qui
672 575 813 629 meuses,
834 556 893 616 iam
913 555 997 616 edico
1016 553 1077 627 tibi,

343 656 386 717 Ut
404 665 501 714 nostra
520 671 658 728 properes
675 650 786 712 amoliti
806 649 873 709 hinc
893 649 999 721 omnia,
1246 647 1305 708 860

341 749 419 807 Tum
439 755 470 806 ut
490 747 572 806 huius
591 745 691 805 oculos
711 742 740 802 in
760 741 851 804 oculis
871 742 979 803 habeas
998 740 1063 803 tuis
1139 803 1147 830 ‚

342 842 468 917 Quoquo
487 839 534 900 hic
554 838 702 915 spectabit,
723 857 761 900 eo
779 849 810 898 tu
831 849 961 913 spectato
980 836 1083 911 simul;

308 936 372 998 nsi
391 953 450 1011 quo
469 935 516 995 hic
534 933 684 1012 gradietur,
705 933 811 1010 paritet
829 940 860 991 tu
880 929 1111 1009 progrediminot

343 1032 463 1090 Manum
483 1029 508 1089 ai
527 1029 670 1105 protollet‚
690 1027 796 1104 pariter
813 1028 939 1104 proferto
958 1045 1083 1086 manurn.

340 1127 428 1186 Suum
448 1122 560 1200 siquid
581 1134 683 1196 sumet,
703 1122 733 1182 id
753 1134 784 1182 tu
804 1121 889 1182 sinito
908 1139 1020 1182 sumere
1027 1142 1037 1196 5
1245 1119 1301 1194 865

262 1294 263 1298 Ἰ
341 1217 371 1280 Si
390 1229 518 1279 nostrum
539 1228 640 1290 sumet,
661 1226 692 1277 tu
712 1226 811 1277 teneto
831 1209 1009 1276 altrinsecus

57 1375 59 1384 ,
340 1312 370 1374 Si
390 1313 443 1374 iste
463 1311 522 1384 ibit,
543 1312 584 1373 ito
594 1333 603 1386 ς
630 1311 724 1385 stabit,
744 1313 858 1373 adstato
878 1311 980 1386 simu13

56 1388 61 1476 i
108 1395 112 1447 ¹
305 1405 370 1467 nsi
388 1406 593 1482 conquiniscet,
614 1405 677 1467 istic
697 1405 915 1481 conquiniscito.

58 1555 60 1581 2
107 1503 111 1590 i
341 1500 416 1559 Item
435 1499 480 1560 his
499 1499 644 1576 discipulis
663 1499 760 1577 priuos
779 1501 914 1560 custodes
934 1499 1020 1560 dabo.

340 1594 395 1656 Co.
436 1596 522 1655 Habe
550 1596 639 1656 modo
668 1597 777 1656 bonum
806 1595 943 1654 animum.
1015 1595 1066 1653 Ba
1107 1594 1224 1668 Quaeso
1253 1588 1302 1668 qui

249 1775 251 1784 y
416 1706 541 1764 possum,
563 1690 644 1761 doce,
1245 1689 1303 1760 ⁸70

259 1795 321 1926 N
340 1781 455 1840 Bonum
474 1782 602 1842 animum
623 1783 736 1856 habere,
755 1780 805 1859 qui
826 1793 855 1843 tc
874 1784 913 1842 ad
932 1800 980 1842 me
998 1781 1141 1841 adducam
1161 1780 1304 1841 domum?

340 1873 393 1934 Co.
435 1874 511 1948 Quia
530 1875 685 1936 sorbitione
705 1877 807 1936 iaciant
828 1895 883 1952 ego
901 1874 988 1935 hodie
1008 1884 1037 1934 te
1057 1893 1122 1936 mea

303 1979 329 2020 a·
340 1966 416 2024 item
434 1977 466 2025 ut
487 1968 595 2027 Medea
614 1969 723 2027 Peliam
742 1968 876 2028 concoxit
895 1987 1004 2039 senem,

339 2057 434 2132 Quem
454 2058 666 2120 medicamento
684 2070 714 2119 et
734 2060 791 2119 suis
811 2059 930 2120 uenenis
949 2059 1054 2121 dicitur

107 2169 109 2180 ¹
231 2173 233 2178 ·
339 2151 454 2210 Fecisse
472 2170 567 2210 rursus
587 2171 622 2212 ex
641 2171 709 2212 sene
728 2155 994 2226 adulescentulum
1245 2156 1300 2231 875

292 2305 296 2310 ,
339 2243 415 2302 Item
435 2261 489 2319 ego
510 2255 538 2304 te
558 2245 668 2304 faciam.
723 2247 776 2304 Βιι.
817 2248 889 2317 Eho,
911 2265 949 2304 an
969 2246 1056 2306 etiam
1076 2245 1251 2306 ueneficu’s?

338 2338 393 2400 Co.
434 2338 530 2399 Immo
549 2339 653 2414 edepol
673 2357 742 2398 uero
761 2339 910 2399 hominum
930 2350 1065 2400 seruator.
1105 2341 1158 2401 Ba
1186 2339 1289 2412 Ehem,

302 2449 329 2499 a,
339 2432 449 2508 Quanti
467 2431 541 2492 istuc
559 2451 650 2492 unum
669 2451 716 2493 me
736 2432 890 2508 coquinare
909 2434 1071 2510 perduces?
1104 2459 1108 2468 ·

278 2538 282 2543 ’
338 2527 394 2612 Co.
434 2524 535 2600 Quid?
574 2528 625 2587 Ba
655 2528 697 2587 Ut
717 2538 746 2587 te
765 2545 884 2598 seruent,
905 2546 943 2587 nc
963 2528 1032 2603 quid
1052 2526 1202 2605 subrupias
1221 2527 1299 2588 mihi.

338 2623 393 2682 Co.
434 2620 464 2680 Si
483 2621 583 2693 credis,
605 2640 742 2695 nummo;
768 2621 880 2695 sinon,
899 2623 939 2681 ne'
957 2621 1036 2681 mina
1055 2621 1180 2698 quidem.
1243 2626 1301 2684 880
1414 2647 1416 2702 ι

338 2716 395 2776 Sed
414 2727 509 2776 utrum
529 2727 560 2776 tu
579 2715 679 2776 amicis
699 2716 786 2777 hodie
804 2735 841 2776 an
862 2714 985 2777 inimicia'
1005 2715 1060 2777 tuis
1209 2779 1211 2783 ,

339 2811 473 2872 Daturu’s
492 2813 616 2872 cenam?
666 2813 724 2871 Ba.
765 2814 818 2872 Pol
837 2831 892 2890 ego
910 2811 1010 2873 amicis
1029 2811 1145 2876 scilieet.

301 2927 327 2968 s·
343 2904 389 2964 Co.
429 2905 508 2980 Quin
528 2917 592 2967 tuos
612 2904 743 2967 inimicos
763 2907 964 2983 potiusquam
984 2906 1093 2969 amieos
1111 2909 1222 2970 uocas?
1318 2973 1321 2982 .

339 2999 416 3058 Nam
435 3017 490 3076 ego
509 2999 550 3059 ita
568 2999 699 3060 conuiuis
717 3019 818 3062 cenam
838 3000 985 3062 conditam
1003 3001 1083 3063 dabo

339 3089 439 3152 Hodie
457 3103 544 3167 atque
563 3091 603 3151 ita
622 3089 704 3151 auaui
723 3091 864 3152 suauitate
882 3091 1038 3153 condiama
1243 3094 1300 3175 885

338 3186 382 3246 Ut
399 3184 522 3262 quisque
540 3185 670 3264 quidque
684 3184 838 3248 'conditum
857 3187 1021 3266 gustauerit,
1055 3191 1080 3202 ‘'

244 3343 248 3348 .
338 3280 423 3358 ipsus
441 3280 497 3344 cibi
516 3281 619 3346 inciam
637 3293 669 3346 ut
687 3281 793 3362 digitos
811 3283 966 3362 praetodat
983 3301 1060 3347 auos.
1160 3275 1164 3294 '
