2860 3860
343 212 381 285 5⁶
690 210 957 273 PSEUDOLUS
1034 269 1037 274 ,
1076 204 1134 290 [lv
1149 225 1175 283 7,
1188 207 1304 282 67-86

117 341 120 351 ⁴
154 313 280 540 N
344 357 404 417 ΗΑ.
452 360 547 434 Quam
581 378 648 421 mox
681 357 751 420 mihi
783 378 900 437 operam
931 359 1006 418 dns?
1064 359 1116 417 Bu.
1162 355 1232 418 Tibi
1263 355 1304 417 do

418 453 561 530 equidem.
602 454 680 530 Quid
701 473 778 514 nunc
797 452 868 514 milri
886 472 919 514 ec
937 463 1045 523 auctor,
1064 451 1166 513 Simo?

342 548 383 607 St.
424 549 637 623 Exploratorem
651 548 728 608 huuc
740 547 876 607 iaciamus
890 547 974 607 ludos
985 544 1212 622 suppositiciurn,
1229 561 1304 617 rrro

342 641 425 703 Adeo
444 639 580 702 donicum
601 641 681 720 ipsus
700 661 764 704 rete
783 643 867 703 ludos
886 640 946 701 lieri
966 638 1092 701 senserit.

303 736 398 810 „Bc
445 737 577 814 Sequere.
626 735 707 810 Quid
732 736 796 797 aia?
829 755 935 812 nempe
962 746 994 797 tu
1021 733 1095 795 illius
1122 751 1222 795 remor
1252 734 1305 794 ea?

333 852 337 862 ·
417 829 479 889 ΗΑ.
520 827 705 889 Planissume.

341 925 392 985 ΒΑ.
433 924 542 999 Quanti
567 936 596 987 te
622 924 713 984 emit?
765 926 826 986 ΗΑ.
874 925 995 986 suarum
1022 923 1051 983 in
1078 942 1174 1002 pugna
1200 920 1303 984 uirium

416 1018 553 1095 uictorin3

341 1115 417 1175 Nam
436 1133 588 1192 egueram
608 1113 690 1174 dorni
709 1115 855 1191 inperator
873 1133 1002 1174 summus
1021 1112 1052 1174 in
1071 1111 1163 1190 patria
1182 1130 1255 1172 mea.

338 1209 395 1270 Ba.
435 1213 483 1272 An
503 1209 589 1272 etiam
607 1209 655 1270 ille
673 1227 811 1288 umquam
828 1209 1003 1288 expugnauit
1020 1225 1162 1270 carcerem
1180 1207 1302 1287 patriam

416 1307 518 1366 tunm?
1227 1320 1301 1382 ¹¹75
1337 1333 1340 1340 ,

338 1403 398 1462 Ha.
440 1399 652 1462 Contumeliam
672 1399 697 1462 ri
716 1401 804 1476 dicer,
824 1401 932 1463 audien
990 1402 1042 1462 Bu
1084 1399 1234 1476 Quotumo
1254 1398 1302 1460 die
1349 1451 1350 1454 ,

303 1497 383 1560 ultr
401 1495 524 1573 Sicyone
543 1496 600 1556 huc
619 1495 799 1574 peruenisti?
851 1498 912 1557 ΗΛ.
952 1497 1055 1584 Altem
1071 1497 1110 1555 ad
1129 1494 1288 1555 meridiem.

337 1588 395 1666 Ba.
433 1588 555 1647 Strenue
577 1587 741 1649 mehercule
763 1584 818 1647 isti
859 1585 999 1662 Quamuis
1021 1584 1123 1663 pernix
1144 1585 1193 1645 hic
1214 1587 1303 1647 homo

414 1691 467 1741 etl.

339 1773 400 1836 Ubi
432 1793 526 1840 suram
554 1775 707 1853 adspicias,
736 1775 811 1838 scias
843 1793 930 1854 posse
963 1792 1029 1836 eum
1062 1794 1160 1854 gerere
1192 1794 1302 1837 crassas

414 1871 562 1948 conpedia

305 2023 308 2030 .
339 1965 400 2026 ΗΑ,
435 1965 501 2026 Iin
521 1967 625 2026 malam
645 1984 768 2027 crucem.
809 1967 863 2026 Bm
899 1965 935 2027 Id
953 1962 1051 2026 licebit
1068 1965 1125 2025 iam
1143 1962 1196 2026 tibi
1213 1964 1303 2027 lrodie
1357 2010 1364 2045 :

291 2133 293 2138 Ι
415 2058 542 2137 temperi.
1228 2064 1301 2138 1185

337 2155 398 2215 Ha.
438 2153 516 2230 Quin
530 2166 562 2215 tu
575 2153 723 2215 mulierem
737 2155 806 2216 mihi
819 2153 947 2216 emittis?
969 2165 1020 2215 aut
1036 2155 1127 2215 redde
1144 2166 1302 2232 argentum.

414 2251 473 2311 Ba.
514 2251 610 2311 Mane.

292 2347 400 2431 'ullu
428 2344 508 2421 Quid
528 2347 684 2406 maneam?
724 2349 777 2407 Bru.
812 2347 1003 2424 Cirlamydem
1022 2345 1098 2405 hanc
1117 2362 1304 2406 conmemora

290 2483 291 2487 ,
415 2439 516 2517 quanti
535 2441 680 2501 conducta
698 2453 750 2501 est.
805 2443 866 2502 ila,
894 2441 986 2516 ,Quid
1006 2440 1072 2501 esti

340 2536 393 2597 m.
446 2535 527 2612 Quid
558 2547 649 2596 meret
682 2537 854 2598 machaera?
907 2537 966 2598 liu.
1023 2537 1191 2597 Elleborum
1223 2534 1303 2599 hisce

416 2629 581 2690 hominibus
600 2649 675 2707 opus
693 2643 746 2692 eet.
799 2632 853 2691 ΒΑ.
895 2624 969 2691 Eho}

341 2726 402 2785 ΗΑ.
442 2723 536 2784 Mitte.
587 2727 639 2784 Bm
680 2725 759 2800 Quid
779 2724 920 2786 mercedis
938 2736 1056 2803 petasus
1075 2722 1164 2786 hodic
1183 2725 1304 2785 domino

297 2840 300 2845 ·
417 2820 567 2882 demeret?
975 2829 978 2840 ’

339 2914 401 2975 Ha.
441 2913 519 2988 Quoi
537 2912 679 2976 domino?
717 2911 796 2990 Quid
816 2910 986 2975 somniatis?
1010 2930 1076 2974 mea
1094 2909 1212 2990 quidem
1231 2912 1305 2993 haec

417 3009 512 3068 habeo
531 3009 636 3069 omnia
1229 3026 1304 3084 rrqo

340 3104 398 3164 Ba.
425 3102 583 3178 Responde
595 3103 716 3164 obsecro
731 3103 827 3180 hercle
839 3121 911 3164 uero
926 3101 1001 3164 serio
1012 3102 1071 3163 lroc
1082 3101 1162 3179 quod
1176 3111 1205 3162 te
1217 3119 1304 3179 rogor

304 3215 330 3264 e,
341 3195 422 3272 Quid
440 3196 555 3255 merea?
578 3194 720 3271 quantillo
738 3207 859 3274 argento
878 3207 908 3257 te
926 3193 1065 3257 conduxit
1085 3195 1266 3264 Pseudolus?

340 3290 403 3351 Ha.
443 3286 503 3362 Qui
528 3285 592 3347 istic
617 3289 811 3350 Pseudolum?
863 3291 917 3349 Ba.
957 3291 1130 3368 Praeceptor
1155 3299 1230 3362 tutu,
1254 3288 1305 3365 qui

418 3393 449 3444 te
467 3383 542 3442 banc
560 3367 710 3442 madan
994 3459 998 3464 Ι
1229 3397 1302 3460 ¹¹95
