2860 3860
104 117 153 178 111
169 134 194 188 r.
210 106 338 192 3r-62]
448 105 716 170 PSEUDOLUS·

103 265 173 326 Non
191 257 384 323 condimentis
403 254 552 330 condiunt,
573 256 624 316 sed
644 253 785 332 strigibus,

103 355 189 420 Uiuis
206 352 337 415 conuiuis
356 350 494 425 intestine
509 367 585 427 quse
604 347 729 420 exedint,
1009 349 1065 426 ⁸⁸5

104 453 173 512 Hoc
192 449 240 510 hic
259 447 376 526 quidem
395 445 528 506 homines
547 455 606 504 tam
625 443 743 505 breuem
762 439 853 503 nitens
872 445 980 518 colunt,

103 547 200 622 Quom
217 543 304 602 hasce
319 541 423 600 herbas
440 537 525 598 huius
542 536 623 598 modi
640 537 670 598 in
688 554 772 598 suurn
791 537 889 600 duom
907 548 1066 617 congerunt
1134 571 1137 577 ,

66 655 91 696 u
104 636 316 700 Formiduiosas
334 632 423 706 dictu,
443 651 503 694 nou
522 650 573 694 esu
593 633 692 704 modo,

103 735 183 811 Quos
202 731 305 791 herbas
323 730 450 806 pecudes
470 744 529 787 non
549 727 649 798 edunt,
669 722 801 788 homines
819 725 917 788 edunt.

103 830 155 888 Bru
196 825 297 902 Quid?
318 835 349 884 tu
369 821 476 884 diuinis
495 819 687 881 condimentis
706 831 795 895 utere,
1008 821 1067 897 ⁸³0

104 921 162 999 Qui
182 937 333 998 prorogare
353 917 443 977 uitam
463 913 752 993 possis'hominibus,
991 970 996 984 ,

103 1014 162 1092 Qui
182 1033 217 1076 eo
235 1017 335 1092 culpes
354 1011 562 1074 condimenta?
614 1011 668 1074 Co.
708 1011 855 1074 Audscter
873 1007 981 1086 dicitnr

64 1139 91 1178 e·
104 1113 180 1172 Nem
199 1110 245 1174 uel
265 1111 393 1170 ducenos
412 1127 505 1168 annos
524 1116 658 1185 poterunt
677 1104 774 1168 uiuere
1093 1103 1095 1106 ’

104 1209 188 1267 Mers
207 1204 256 1284 qui
277 1205 419 1264 esitnbunt
438 1221 520 1262 escss
539 1220 611 1278 ques
630 1200 795 1262 condiriero.
907 1201 908 1206 ’

104 1303 179 1360 Nam
199 1317 254 1376 ego
273 1297 449 1358 cicilindrum
469 1297 589 1373 quando
608 1295 638 1356 in
658 1294 769 1372 patinas
788 1294 880 1356 indidi
1009 1297 1065 1374 835

43 1459 50 1482 ἢ
103 1396 163 1454 Aut
180 1391 379 1469 cepolindrum
398 1401 448 1451 sut
468 1389 626 1451 msccidem
646 1401 695 1450 sut
715 1389 893 1468 sicoptidem

104 1489 190 1563 Ipsae
209 1505 241 1548 se
261 1485 376 1562 patinae
396 1484 583 1546 feruefaciunt
603 1483 678 1544 ilico.

65 1603 90 1644 rs
105 1583 188 1642 Haec
206 1582 245 1640 nd
266 1580 395 1656 Neptuni
414 1581 541 1656 pecudes
561 1579 747 1640 condimento
766 1590 850 1653 sunt;

102 1673 255 1734 Terrestris
273 1669 400 1751 pecudes
419 1672 612 1733 sicimnlindro
631 1671 739 1733 condio

102 1771 161 1829 Aut
180 1769 331 1845 hnpalopsi
351 1780 400 1828 rut
414 1769 593 1828 carmonis
647 1770 703 1828 Bu
743 1770 783 1828 At
803 1778 832 1828 te
853 1767 983 1846 Iuppiter
1010 1771 1068 1841 deo

103 1861 200 1939 Dique
219 1879 321 1924 omnes
341 1863 462 1940 perdunt
481 1881 549 1923 cum
569 1859 763 1923 condimentis
784 1859 839 1923 tuis

103 1956 237 2033 Cumque
256 1955 312 2017 tuis
331 1957 392 2017 istis
412 1957 548 2018 omnibus
568 1957 734 2017 mendaciis

67 2050 156 2118 »Co
198 2050 266 2111 Sine
285 2049 325 2111 sis
341 2049 423 2127 loqui
443 2069 498 2112 me.
543 2052 595 2112 BA„
624 2053 757 2126 Loquere
775 2061 863 2127 ntque
882 2051 896 2110 ι’
912 2049 943 2112 in
962 2052 1067 2110 melem

179 2161 303 2206 crucem.

103 2239 157 2300 Co.
200 2239 260 2301 Ubi
280 2258 381 2300 omnes
400 2238 515 2316 patinae
535 2241 656 2312 semont.
677 2239 773 2300 omnis
791 2239 907 2320 sperio;

103 2334 134 2394 Is
154 2333 227 2396 odos
246 2333 371 2396 dimissis
390 2334 522 2397 manibus
542 2335 571 2396 in
592 2338 703 2398 caelum
724 2338 821 2412 uolst3
1010 2338 1067 2413 845

104 2428 179 2488 Eum
199 2429 317 2490 odorem
337 2439 422 2490 cenat
443 2428 572 2507 Iuppiter
591 2431 717 2494 cottidie

103 2523 156 2588 Be
198 2521 280 2586 Odos
298 2523 423 2586 dimissis
442 2524 597 2588 manibus?
648 2527 702 2590 Co
745 2523 867 2588 Peocnui
887 2524 1018 2589 insciens

66 2645 91 2684 ss
103 2619 155 2679 Bru
196 2620 366 2695 Quidum?
416 2622 471 2685 Co.
509 2621 664 2684 ⁴Dimirsis
684 2622 824 2701 pedibus'
844 2621 923 2685 uolui
943 2622 1046 2684 dicere

103 2713 157 2773 Bru.
196 2714 226 2776 Si
245 2734 386 2794 nusquam
406 2728 521 2779 coctum
541 2718 573 2794 is,
594 2717 734 2797 quidnam
754 2730 839 2781 cenot
859 2717 1012 2797 Iuppiter?

102 2807 157 2870 Co.
200 2810 227 2870 It
240 2808 390 2873 incenatus
403 2813 541 2876 cubitum
582 2817 633 2875 Bu.
662 2815 723 2875 iin
736 2815 842 2876 malem
854 2833 977 2876 crucem.
1011 2817 1070 2892 ⁸50

102 2901 228 2964 Istocine
246 2923 334 2965 cause
352 2903 403 2966 tibi
424 2906 511 2968 hodie
531 2925 681 2969 nummum
701 2909 801 2970 dabo?

102 2994 157 3056 Co.
198 2997 302 3058 Fateor
320 2999 452 3076 equidem
474 3019 521 3062 me
541 3019 603 3062 esse
622 3019 750 3078 coquom
769 3001 978 3079 ceduumum3

65 3105 91 3146 e·
103 3087 212 3150 Uerum
232 3108 285 3167 pro
304 3093 396 3169 pretio
414 3093 490 3156 secio
509 3106 541 3157 ut
561 3113 649 3173 opere
666 3098 805 3174 ndpment
880 3159 883 3170 ,

104 3183 174 3243 Mes
192 3201 251 3261 qno
270 3188 430 3249 conductus
449 3188 547 3252 uenio.
599 3192 651 3252 Be
691 3193 739 3253 Ad
757 3193 911 3254 {urendum
930 3190 1057 3271 quidem.

102 3273 157 3336 Co.
198 3279 246 3337 An
265 3289 297 3338 tu
317 3279 446 3343 inuenire
463 3283 594 3360 postules
611 3301 787 3362 quemquem
805 3302 931 3363 coquom
1010 3286 1066 3362 855
