2860 3860
28 182 84 262 ¹3·
99 172 228 257 so-73]
372 171 642 234 PSEUDOLUS.
956 190 989 247 sp

26 329 73 388 Ps.
109 327 200 386 Hunc
212 323 312 401 pudet,
322 321 402 400 quod
415 319 467 383 sibi
478 319 616 398 promisit,
628 338 805 398 quamquam
818 319 849 382 id
862 319 992 398 promisit

102 419 162 493 diu,
936 417 991 474 ssu

25 509 103 588 Quis
122 513 216 572 minas
234 509 335 588 uiginti
354 510 407 570 ribi
428 527 482 585 pro
500 507 595 568 sorios
614 526 674 568 non
694 508 781 568 etism
800 508 890 568 dedis

26 610 79 668 ΒΑ,
120 605 219 666 Nimio
234 605 265 666 id
281 605 362 680 quod
376 605 468 680 pudet
483 601 595 663 facilius
612 603 702 663 fertur
717 620 805 678 quarn
822 601 895 663 inud
910 602 991 677 quod

102 702 188 779 piger„

26 799 94 858 Non
114 795 228 857 dedisse
248 793 342 860 istunc
360 793 470 870 pudet;
495 811 543 853 me
563 791 631 870 quis
651 810 711 854 non
730 790 831 870 occepi
851 789 938 870 piget

25 892 72 951 Ps
112 893 151 950 At
170 890 260 961 dabir,
281 885 409 964 parebit3
435 885 548 962 sliquos
567 888 622 948 hos
641 886 704 948 dies
723 899 823 946 munus
842 887 949 963 modo;
1000 921 1047 1014 s

26 985 101 1044 Nam
135 983 164 1042 id
198 979 245 1041 hic
276 981 387 1052 metuit,
422 999 461 1041 ne
493 981 572 1040 illurn
603 980 714 1041 uendss
744 981 784 1041 ob
817 981 990 1041 simultatem

102 1097 190 1139 sumn.
934 1078 989 1152 285

25 1176 76 1233 Bu.
118 1171 183 1233 Fuit
196 1170 319 1244 occasio,
334 1171 358 1232 si
371 1171 467 1243 uellet,
481 1170 539 1231 ianr
554 1169 664 1248 pridem
682 1181 833 1248 argentum
852 1180 884 1230 ut
901 1169 989 1230 daret.

24 1269 78 1329 cn
120 1266 199 1341 Quid
226 1267 250 1326 si
277 1285 337 1328 non
364 1266 473 1326 habui?
535 1268 586 1326 ΒΛ.
635 1264 665 1326 8ἰ
693 1267 820 1336 amum,
848 1265 991 1325 inuenires
1093 1331 1096 1340 ,

101 1372 250 1434 mutuum

24 1458 71 1518 nd
90 1455 231 1518 dunistsm
251 1455 412 1529 deuenires,
431 1456 554 1517 adderes
573 1456 769 1516 faenusculum
779 1477 788 1530 ;

23 1551 192 1626 Surruperes
211 1550 291 1626 patri.
333 1552 380 1610 Ps.
411 1551 578 1627 Sur-superet
598 1549 646 1609 hic
666 1549 748 1625 parri,
768 1547 991 1609 srrdscissume?

4 1645 93 1703 Νοιι
120 1643 257 1720 periclum
285 1654 330 1704 est
355 1661 393 1703 ne
419 1642 490 1718 quid
515 1654 593 1703 recte
619 1652 768 1701 monstres.
829 1643 881 1704 ΒΑ.
922 1643 991 1702 Non

100 1737 246 1798 lenonium
266 1750 318 1799 est.
801 1787 802 1790 ,
934 1755 991 1812 spo

24 1832 77 1892 Cn.
118 1833 203 1908 Egon
228 1831 302 1908 putri
328 1849 477 1910 sumopere
500 1831 608 1908 possim
632 1829 796 1908 quicquam,
821 1841 880 1890 tam
903 1842 991 1890 osuro

99 1924 182 1985 seni?
500 1973 503 1982 .
879 1947 884 1980 τ
978 1932 990 1984 ’.

24 2021 119 2096 Atque
132 2018 215 2092 sdeo,
228 2017 252 2079 si
265 2021 359 2081 facere
372 2039 497 2097 possem,
510 2019 759 2097 pietasprohibet.
795 2021 847 2080 ΒΑ.
877 2017 991 2094 Audio;
1001 1959 1085 2138 s

25 2110 163 2171 Pietatem
181 2129 249 2188 ergo
269 2110 353 2172 istam
373 2114 552 2190 amplexator
571 2123 659 2173 noctu
680 2129 733 2189 pro
753 2111 920 2173 Phoenicio.

1 2278 4 2285 Ι
23 2205 81 2266 Sed
100 2223 189 2282 quom
208 2205 343 2282 pietatem
362 2215 389 2266 te
407 2205 498 2268 emori
517 2205 605 2268 uideo
625 2218 677 2268 ruo
696 2219 886 2283 praeuorrere
1058 2271 1059 2276 γ

24 2299 134 2359 Omnes
150 2301 272 2359 homims
289 2300 341 2360 tibi
359 2312 455 2378 putres
469 2302 558 2361 sunt?
577 2302 671 2361 nulius
684 2315 727 2361 est
742 2300 793 2361 tibi
807 2319 894 2378 quem
908 2319 990 2379 roges

25 2393 160 2453 Mutuum
192 2397 362 2472 argentum?
424 2397 479 2458 Cn.
530 2394 609 2472 Quin
642 2414 750 2457 nomen
784 2415 901 2474 quoque
932 2397 990 2458 iarn

101 2486 207 2549 interiit
227 2495 367 2552 mutuum.
447 2566 450 2572 Ι
934 2495 989 2570 296

24 2577 89 2660 [Bs
128 2585 169 2643 At
188 2585 212 2643 si
232 2585 332 2645 suenus
351 2584 531 2669 nominasses
550 2598 700 2664 argentum
720 2587 799 2648 fieret
816 2585 921 2669 tuum]

25 2676 72 2734 Ps.
113 2676 198 2737 Heus
216 2689 257 2745 to,
275 2689 430 2754 postquem
451 2682 546 2743 hercle
566 2681 646 2742 istis
666 2701 766 2743 nrenss
784 2696 903 2760 surgunt
922 2681 990 2743 satis

101 2772 163 2848 poti
183 2771 244 2847 uiri,

24 2864 83 2939 Qui
102 2885 186 2926 suum
206 2878 347 2945 repetunt,
367 2867 492 2930 alienum
511 2871 637 2931 reddunt
656 2884 725 2934 nato
745 2871 863 2944 nemini,
941 2915 943 2922 -

4 3004 7 3009 .
25 2957 142 3020 Postilla
160 2979 262 3024 omnes
281 2961 423 3024 esuriores
442 2975 517 3039 sunt,
538 2984 577 3026 ne
595 2967 715 3027 eredunt
734 2967 823 3028 alteri
906 2987 911 3020 :

24 3053 79 3116 Cn.
119 3052 213 3117 Nimis
226 3055 312 3118 miser
324 3076 408 3134 sum5
426 3077 576 3120 nummum
591 3079 733 3138 nusquam
746 3061 869 3140 reperire
881 3059 990 3140 urgenti

99 3167 177 3225 queo
184 3169 194 3224 3
809 3181 816 3212 ·.
861 3177 879 3210 υ
932 3173 990 3232 ³0⁰

24 3242 71 3302 Its
90 3243 175 3302 miser
193 3254 224 3304 er
242 3262 339 3306 umore
359 3265 448 3322 pereo
467 3258 497 3308 et
516 3246 615 3324 inopis
633 3250 801 3324 argentario.

26 3333 78 3392 ΒΑ.
111 3335 211 3396 Emito
220 3335 268 3397 die
278 3353 365 3398 oseos
378 3339 474 3399 hercle
486 3338 603 3412 oduom,
618 3337 649 3399 id
662 3340 784 3401 uendito
796 3341 912 3400 oculuts
924 3339 973 3400 die
980 3360 989 3412 ς
