2860 3860
47 185 104 255 11,
119 175 247 262 43-75]
392 179 662 266 Pswoowu

46 336 99 396 Cu.
140 330 233 406 Perii;
259 332 378 392 salutem
399 349 543 408 nusquam
563 329 690 405 inuenio,
711 333 864 406 Pseudoie,
973 353 1010 414 45

46 429 141 502 Quam
155 425 194 485 iili
207 424 357 486 remittam.
394 425 441 484 Ps.
467 426 562 501 Quam
577 427 720 484 salutem?
752 426 807 487 Ca.
827 429 1010 504 Argamum.

9 549 33 588 ⁴⁵
45 522 91 580 Pu
133 520 190 579 Pto
208 515 323 592 lignean
344 516 435 575 salute
454 514 498 576 uir
517 527 682 592 argenteam

45 612 202 673 Remittere
222 610 284 670 illi?
309 609 378 670 uide
397 611 437 670 eis
456 627 542 686 quam
563 622 594 670 tu
613 629 674 671 rem
693 631 781 688 gerara

44 709 96 768 Cu
138 705 242 767 Recita
260 705 368 778 mod0;
393 722 429 764 ex
449 703 561 765 tabellis
580 704 638 764 iam
658 706 724 766 saxo
742 704 824 778 ecies,

44 803 140 878 Quam
159 799 255 862 subito
274 811 393 876 argento
412 799 482 860 mihi
503 817 572 860 usur
592 799 712 862 inuento
731 799 794 886 siet.
970 819 1010 884 50

43 899 89 956 Pa
132 897 239 956 “Leno
258 914 305 955 me
324 913 442 972 peregre
462 894 544 955 militi
566 893 743 956 Macedonio
821 934 824 942 ι
1079 890 1081 894 ’

9 1021 31 1060 μ
43 988 131 1050 Minis
149 988 258 1067 uiginti,
279 1008 345 1050 mea
364 990 505 1065 uoluptas,
525 988 664 1050 uendidit.

42 1088 81 1146 Et
99 1085 177 1162 prius
195 1103 283 1162 quam
303 1082 371 1144 hinc
389 1083 461 1144 abiit
479 1081 645 1160 quindecim
664 1081 747 1145 miles
766 1081 859 1146 minas
950 1126 953 1132 -

41 1181 185 1255 Dederat;
212 1197 291 1239 nunc
310 1197 384 1240 unae
404 1177 533 1255 quinque
552 1189 736 1239 remorantur.
748 1177 853 1240 minae.

41 1275 85 1334 Ea
103 1293 190 1334 causa
208 1273 290 1333 miles
309 1272 356 1332 hic
375 1272 488 1351 reliquit
508 1272 679 1350 symbolum,
858 1327 863 1334 .
968 1283 1006 1354 55

41 1369 209 1445 Expressam
229 1365 259 1428 in
278 1387 345 1428 cera
364 1387 399 1429 ex
418 1369 506 1429 anulo
525 1387 606 1429 surm
626 1366 790 1446 imaginem,

9 1486 28 1527 u
40 1465 82 1525 Ut
101 1463 150 1540 qui
169 1464 226 1524 huc
244 1463 367 1523 adferret
386 1461 447 1524 eius
467 1461 589 1523 similem
609 1463 772 1541 symbolum

40 1557 115 1618 Cum
133 1575 171 1618 eo
190 1558 274 1617 simul
292 1575 341 1618 me
360 1558 503 1632 mitterem
528 1557 556 1618 ei
575 1557 616 1618 rei
636 1557 698 1618 dies

40 1655 124 1716 Haec
142 1653 310 1731 praestituta
330 1664 374 1715 est
392 1673 532 1732 proxuma
552 1651 719 1731 Dionysia”

39 1749 110 1812 Cras
127 1767 162 1809 ea
178 1746 294 1826 quidem
313 1759 387 1809 sunu
428 1750 484 1811 Cu.
518 1751 612 1825 Prope
629 1748 712 1808 adest
729 1745 848 1808 exitium
865 1745 946 1821 mihi,
966 1750 1005 1808 6ο

39 1843 102 1905 Nisi
122 1843 192 1922 quid
212 1843 331 1904 mihim
352 1855 381 1905 te
401 1855 444 1905 est
464 1841 559 1904 auxili.
614 1845 661 1904 Ρι.
702 1841 772 1904 Sine
791 1843 946 1922 perlegam.

9 1938 92 2001 aCa
132 1937 218 2012 Sino;
245 1956 312 1997 nam
332 1937 403 1998 mihi
422 1937 523 1999 uideor
541 1955 607 1997 cum
627 1955 662 1997 ea
681 1935 840 1999 fabularier.

39 2032 133 2108 Lege;
158 2032 243 2093 dulce
262 2050 451 2109 amarumque
470 2051 528 2092 una
546 2050 625 2091 nunc
644 2028 748 2090 misces
768 2029 847 2090 mihi.

39 2126 85 2185 Pa
127 2126 239 2187 “Nunc
258 2125 348 2186 nostri
366 2145 480 2188 amores
500 2143 595 2187 mores
614 2122 837 2186 eonsuetudines

39 2219 124 2280 Iocus
142 2220 227 2281 ludus
246 2239 340 2282 sermo
359 2219 590 2295 suauisuauiatio,
965 2219 1001 2297 65
1022 2218 1025 2223 ’

39 2314 263 2393 Conpressiones
282 2327 360 2377 artae
380 2328 528 2378 amantum
547 2333 715 2394 conparum,

9 2421 27 2471 u
37 2409 156 2471 Teneris
175 2411 285 2472 labellis
304 2412 405 2474 molles
425 2412 644 2486 morsiuncuiae,

9 2563 10 2568 ,
39 2504 206 2564 Nostrorum
226 2505 370 2583 rugiorum
390 2507 639 2578 oseulatiuneulae,

38 2596 209 2674 Papillarum
227 2600 434 2662 horridularum
453 2600 722 2680 oppressiuuculaer

38 2691 158 2753 Harunc
177 2695 355 2770 uoluptatum
375 2695 447 2756 mihi
467 2694 596 2757 omnium
614 2705 702 2771 atque
722 2692 822 2756 itidem
842 2689 895 2756 tibi
964 2709 1002 2769 70

37 2783 193 2847 Distractio
211 2785 363 2849 discidium
383 2787 511 2852 uastitier
530 2790 619 2862 uenit,

9 2899 27 2930 u
39 2876 102 2938 Nisi
121 2897 196 2956 quae
214 2879 284 2942 mihi
302 2880 334 2943 in
354 2894 383 2944 te
402 2895 446 2945 est
464 2895 515 2945 aut
535 2882 587 2946 tibi
606 2893 651 2946 eet
670 2882 701 2944 in
721 2901 768 2944 me
788 2883 874 2955 salua,

38 2973 123 3034 Haec
141 2992 216 3051 quae
234 2995 289 3055 ego
307 2976 379 3040 aeiui
398 2988 431 3041 ut
450 2980 537 3041 scires
555 2977 653 3040 curaui
671 2978 787 3050 omnin

38 3067 124 3127 Nunc
143 3085 198 3146 ego
215 3080 246 3131 te
264 3073 393 3150 experiar
411 3073 484 3151 quid
502 3093 591 3147 ames,
611 3072 683 3151 quid
701 3073 825 3134 rimulea.
866 3069 969 3133 Uale*

37 3157 92 3220 Ca
132 3161 185 3221 Ert
203 3162 305 3226 misere
323 3166 470 3245 temptum,
490 3169 642 3230 Pseudole.
690 3167 737 3228 Pa
776 3162 996 3230 Omiaemrme.

36 3250 91 3313 Cu
124 3252 203 3330 Quin
222 3257 294 3318 fles?
333 3261 380 3322 Pe
415 3260 567 3323 Pumiceor
586 3261 687 3322 oculos
706 3260 819 3334 habe05
842 3276 903 3319 non
922 3275 1000 3333 queo

9 3343 764 3466 alaerimamexomreuteurpuuutummmodo.
962 3363 997 3426 π
