2860 3860
352 167 390 225 ad
698 158 965 222 I'SEUDOLUS.
1098 157 1126 240 [l
1143 177 1168 237 ς,
1182 179 1316 236 prr-raa

194 278 340 468 X,-
351 318 395 377 St.
435 311 514 389 Quid
528 329 606 371 nunc
618 310 729 390 agetis?
754 329 821 370 nam
835 310 904 371 hinc
915 309 1033 388 quidem
1046 329 1064 370 a
1078 328 1125 371 me
1142 327 1202 371 non
1220 319 1318 388 puteat

70 431 74 443 ·
352 413 509 485 Argentum
528 405 638 477 auferri,
658 407 707 482 qui
727 404 894 483 praesertim
914 405 1060 465 rensrmn
1262 417 1317 482 505
1374 403 1378 412 '

353 503 400 562 Ne
419 499 569 577 quisquam
588 499 686 560 credat
704 517 864 572 nummum,
885 500 944 558 lam
963 499 1075 560 edicant
1094 498 1237 559 omnibus

354 598 400 657 Pa
434 595 598 670 Numquam
618 593 723 671 edepol
741 595 897 672 quoiquam
917 593 1098 672 supplicabo,
1111 593 1182 654 dum
1199 591 1318 671 quidem

352 692 399 750 Τιι
417 690 499 748 uiuos
517 688 616 762 uiuer3
641 698 672 748 tu
692 688 762 748 mihi
781 689 877 752 hercle
895 698 1045 767 argentum
1065 687 1166 763 dabis;

313 785 414 854 „hbe
427 794 456 844 te
469 780 604 858 equidem
619 800 737 842 sumam.
792 783 833 843 St.
869 784 917 842 Tu
931 800 949 842 a
963 801 1009 842 me
1022 783 1141 842 tumes?
1178 782 1318 844 Strenue!

354 876 520 952 Exsculpito
533 875 602 934 milri
616 875 710 936 hercle
723 876 849 947 oculum,
862 874 887 936 ai
900 875 1017 936 dedero.
1056 878 1103 934 Ps.
1132 874 1242 948 Dabis3
1261 891 1320 954 5¹⁰

354 972 417 1029 lam
437 969 505 1030 dico
526 979 558 1029 ut
577 987 595 1028 a
616 987 664 1030 me
683 987 795 1029 mucan
849 971 891 1030 St.
932 970 1019 1032 Certe
1038 969 1143 1046 edepol
1163 969 1232 1041 acio,

353 1064 384 1126 Si
401 1063 560 1138 abstuleris,
581 1061 684 1124 mirum
704 1075 734 1125 et
754 1081 891 1142 magnum
911 1062 1022 1124 lacinus
1041 1063 1149 1124 lecerit.

354 1161 401 1220 Pa
442 1158 567 1220 Faciam.
621 1158 675 1220 Cn
715 1157 745 1219 Si
765 1177 824 1220 noo
844 1157 1002 1231 abstulerit,
1022 1157 1108 1236 uirgis
1127 1159 1250 1222 caedito.

306 1254 403 1318 ...Pe
443 1253 501 1314 Sed
521 1252 591 1330 quid
610 1250 634 1312 ai
653 1255 818 1313 abstulero?
866 1252 907 1314 St.
944 1255 992 1314 Do
1012 1255 1115 1314 Iouem
1135 1264 1237 1315 testem
1258 1251 1319 1326 tibi,

244 1401 252 1416 ,,
354 1350 535 1408 Teaetatern
548 1347 656 1424 inpune
672 1345 843 1408 habiturum
899 1349 947 1408 Pa
989 1347 1089 1408 Facito
1103 1360 1134 1410 ut
1148 1347 1318 1410 meminerit

357 1441 504 1516 Praedico,
524 1453 557 1503 ut
576 1460 699 1517 caueae3
717 1441 793 1516 dico,
813 1441 941 1522 inquam,
962 1454 993 1504 ut
1012 1461 1135 1518 caueam
1154 1463 1234 1507 caue
1263 1446 1321 1520 5¹⁶

355 1535 399 1600 Sti
436 1541 536 1616 Egone
556 1547 588 1597 ut
606 1555 708 1598 cauere
729 1556 880 1614 nequeam,
895 1537 970 1614 quoi
990 1537 1180 1616 praedicatur?

356 1635 405 1696 Pr.
445 1635 509 1707 Em,
531 1631 592 1692 istie
611 1631 680 1692 mihi
701 1643 732 1693 tu
751 1634 839 1694 hodie
860 1631 992 1694 manibus
1010 1644 1160 1711 argentum
1180 1633 1271 1696 danie

310 1731 412 1797 mee.
452 1728 566 1803 Edepol
586 1727 734 1786 mortalem
751 1721 929 1804 'graphicum
950 1727 975 1788 ei
995 1739 1089 1789 seruat
1107 1727 1202 1788 fidem

358 1823 405 1880 Pa.
444 1819 584 1881 Seruitum
605 1818 658 1878 tibi
678 1838 724 1879 me
744 1819 890 1894 abducito,
909 1820 939 1880 ni
960 1822 1062 1882 secero.
1266 1839 1323 1900 ⁵²0
1384 1863 1399 1896 .:

357 1915 397 1975 St.
437 1915 516 1974 Bene
535 1922 622 1990 atque
641 1911 734 1974 amice
753 1912 843 1989 dicis3
869 1933 936 1975 nam
956 1935 1035 1976 nunc
1054 1913 1171 1994 quidem
1193 1918 1292 1978 meu'a.

358 2011 406 2070 l’s.
446 2009 507 2072 Uin
527 2007 612 2069 etiam
631 2007 727 2068 dicam
748 2010 830 2086 quod
848 2027 902 2070 uos
922 2010 1011 2087 tnagis
1031 2011 1194 2072 miremini?

359 2106 413 2166 Cn.
452 2103 560 2164 Studeo
580 2103 675 2164 hercle
694 2102 810 2177 audire,
837 2121 905 2162 nam
926 2103 975 2165 ted
995 2107 1128 2167 ausculto
1147 2103 1258 2169 lubens.

310 2201 398 2261 „Su
439 2198 607 2276 Agedum,
633 2215 700 2257 nam
720 2197 789 2258 ratis
808 2197 941 2260 lubenter
960 2210 988 2260 te
1008 2202 1139 2262 ausculto
1157 2201 1244 2279 loqui

360 2296 407 2355 Pa
445 2293 632 2367 Priusquam
652 2293 735 2354 istam
756 2311 882 2372 pugnam
901 2296 1045 2372 pugnabo,
1066 2314 1121 2372 ego
1140 2295 1228 2358 etiam
1247 2294 1325 2375 priua

361 2385 447 2448 Dabo
464 2384 551 2445 aliam
570 2403 695 2462 pugnam
715 2386 820 2445 claram
840 2397 870 2447 et
888 2388 1171 2450 conmemorabilern.
1269 2393 1325 2467 526

360 2483 399 2542 St.
440 2481 537 2557 Quam
556 2481 703 2557 pugnam?
741 2481 789 2542 Pa
818 2481 882 2553 Em,
900 2479 939 2541 ab
958 2481 1015 2541 hoc
1033 2482 1140 2542 lenone
1158 2480 1256 2543 uicino
1275 2495 1326 2545 tuo

362 2577 417 2636 Per
435 2571 651 2652 sycophantiam
670 2581 758 2648 atque
777 2573 951 2650 perdoctus
970 2575 1055 2636 dolon

315 2667 523 2742 m'l'ilh'cinam
543 2667 620 2728 illam
641 2677 706 2728 tuus
725 2683 814 2743 quarn
833 2677 936 2745 gnatus
955 2669 1075 2748 deperit,

304 2765 408 2824 Ea
425 2763 637 2824 circumducam
657 2761 752 2839 lepide
772 2764 924 2840 lenonem;
946 2775 977 2827 et
995 2764 1114 2844 quidem
1271 2782 1329 2846 530

366 2859 513 2917 Eclectum
532 2857 606 2916 hoce
626 2854 674 2915 die
693 2856 813 2916 reddam
833 2869 985 2935 utrumque
1002 2859 1042 2920 ad
1061 2877 1222 2936 uesperum

364 2951 407 3010 Sr.
445 2946 475 3009 Si
492 2948 638 3026 quidem
629 2959 720 3008 istaec
738 2964 836 3024 opera,
855 2959 888 3008 nt
907 2949 1063 3027 praedicat,
1083 2951 1242 3030 perfeceris,

366 3043 480 3104 Uirtute
498 3039 556 3117 regi
573 3040 727 3118 Agathocli
745 3042 939 3104 antecesserit.

319 3165 355 3196 m
366 3135 424 3197 Sed
442 3133 467 3195 ti
485 3153 545 3196 non
564 3134 644 3208 sauia,
664 3153 735 3195 num
753 3135 825 3213 quid
843 3153 945 3197 caueae
962 3148 1007 3200 ert
1026 3137 1105 3206 ilico,
1272 3160 1330 3222 ⁵³⁴

366 3229 447 3306 Quin
465 3239 495 3292 te
512 3227 544 3290 in
562 3228 712 3308 pistrinum
730 3230 879 3291 condam?
916 3233 963 3294 Pe
994 3234 1064 3295 Non
1082 3252 1172 3296 unum
1192 3237 1223 3298 ιἰι
1242 3235 1330 3313 diem,

368 3324 477 3386 Uerum
495 3324 592 3386 hercle
610 3323 642 3384 in
660 3324 764 3396 omnia,
783 3334 922 3400 quantum
941 3336 992 3387 eat
1033 3328 1090 3390 Sed
1109 3327 1134 3392 ri
1153 3331 1292 3402 erfonem
